=LDR  01176cam a2200313zi 4500
=001  f000007262
=005  20190703161127.0
=008  861007s1986^^^^fi^||||||||||||||||afin||
=015  \\$af862035$2skl
=035  \\$a(FI-FENNI)20737
=035  \\$a(FI-MELINDA)000007262
=040  \\$aFI-NL
=041  0\$afin
=042  \\$afinb
=080  \\$a355/359$21974/fin/fennica
=080  \\$a929 Laitinen$21974/fin/fennica
=100  1\$aLaitinen, Tellervo$0(FIN11)000049809$1http://viaf.org/viaf/217149106173868491282
=245  10$aSairaanhoitajana jatkosodassa :$bmuistelmia /$cTellervo Laitinen.
=260  \\$a[Kaitainen] :$b[T. Laitinen],$c1986$e([Varkaus] :$fVarkauden lehti)
=300  \\$a144 s. :$bkuvitettu ;$c25 cm
=336  \\$ateksti$btxt$2rdacontent
=337  \\$akäytettävissä ilman laitetta$bn$2rdamedia
=338  \\$anide$bnc$2rdacarrier
=650  \7$ajatkosota$2yso/fin$0http://www.yso.fi/onto/yso/p5943
=650  \7$amuistelmat$2yso/fin$0http://www.yso.fi/onto/yso/p8111
=650  \7$asairaanhoito$2yso/fin$0http://www.yso.fi/onto/yso/p2807
=650  \7$asotasairaalat$2yso/fin$0http://www.yso.fi/onto/yso/p1667
=903  \\$aa
=995  \\$aKansalliskirjasto$bHist$5ARTO

