=LDR  01086cam a2200313zi 4500
=001  f000007311
=005  20190703161135.0
=008  861111s1986^^^^fi^||||||||||||||||afin||
=015  \\$af862575$2skl
=035  \\$a(FI-FENNI)21254
=035  \\$a(FI-MELINDA)000007311
=040  \\$aFI-NL
=041  0\$afin
=042  \\$afinb
=080  \\$a621.3$21974/fin/fennica
=080  \\$a929 Lindholm$21974/fin/fennica
=100  1\$aLindholm, Pauli.
=245  10$aRatatyömiehen poika /$c[Pauli Lindholm].
=260  \\$a[Lempäälä] :$b[P. Lindholm],$c1986$e(Tampere :$fViesti)
=300  \\$a158, [8] s. :$bkuvitettu, karttoja ;$c21 cm
=336  \\$ateksti$btxt$2rdacontent
=337  \\$akäytettävissä ilman laitetta$bn$2rdamedia
=338  \\$anide$bnc$2rdacarrier
=650  \7$aLapin sota$2yso/fin$0http://www.yso.fi/onto/yso/p8902
=650  \7$ajatkosota$2yso/fin$0http://www.yso.fi/onto/yso/p5943
=650  \7$amuistelmat$2yso/fin$0http://www.yso.fi/onto/yso/p8111
=650  \7$atalvisota$2yso/fin$0http://www.yso.fi/onto/yso/p8904
=903  \\$aa
=995  \\$aKansalliskirjasto$bHist$5ARTO

