=LDR  00948cam a2200289 i 4500
=001  f000007484
=005  20190703161153.0
=008  870415s1986^^^^fi^||||^^^^^^|000^0afin|^
=015  \\$af870935$2skl
=015  \\$af870935$qnidottu$2skl
=035  \\$a(FI-FENNI)22950
=035  \\$a(FI-MELINDA)000007484
=040  \\$aFI-NL
=041  0\$afin
=042  \\$afinb
=080  \\$a929 Tikka, Arvi$21974/fin/fennica
=100  1\$aTikka, Arvi,$d1917-1981.$0(FIN11)000060919
=245  10$aKummuilta lakeudelle /$cArvi Tikka.
=260  \\$a[Lohiluoma] :$bKurikka-seura,$c1986$e(Kurikka :$fKurikka-paino)
=300  \\$a116 s. :$bkuvitettu ;$c21 cm
=336  \\$ateksti$btxt$2rdacontent
=337  \\$akäytettävissä ilman laitetta$bn$2rdamedia
=338  \\$anide$bnc$2rdacarrier
=600  14$aTikka, Arvi,$d1917-1981.$0(FIN11)000060919
=650  \7$amuistelmat$2yso/fin$0http://www.yso.fi/onto/yso/p8111
=903  \\$aa
=995  \\$aKansalliskirjasto$bHist$5ARTO

