=LDR  00897cam a2200277zi 4500
=001  f000007609
=005  20190703161209.0
=008  870901s1987^^^^fi^||||||||||||||||bfin||
=015  \\$af872169$2skl
=035  \\$a(FI-FENNI)24134
=035  \\$a(FI-MELINDA)000007609
=040  \\$aFI-NL
=041  0\$afin
=042  \\$afinb
=080  \\$a929 Loikala$21974/fin/fennica
=100  1\$aLoikala, Pekka$0(FIN11)000051187
=245  10$aElämän kirjo :$bEliisa Loikalan o.s. Juutilan muistikuvia /$cPekka Loikala.
=260  \\$a[Hki] :$b[Copylaari],$c1987$f(Multiprint)
=300  \\$a[1], 47, [1] s. :$bkuvitettu, karttoja ;$c25 cm
=336  \\$ateksti$btxt$2rdacontent
=337  \\$akäytettävissä ilman laitetta$bn$2rdamedia
=338  \\$anide$bnc$2rdacarrier
=600  14$aLoikala, Eliisa.
=650  \7$amuistelmat$2yso/fin$0http://www.yso.fi/onto/yso/p8111
=903  \\$aa
=995  \\$aKansalliskirjasto

