=LDR  01208cam a2200325zi 4500
=001  f000007645
=005  20190703161212.0
=008  871007s1987^^^^fi^|||||||||||||||||swe||
=015  \\$af872542$2skl
=035  \\$a(FI-FENNI)24492
=035  \\$a(FI-MELINDA)000007645
=040  \\$aFI-NL
=041  0\$aswe
=042  \\$afinb
=080  \\$a355/359$21974/fin/fennica
=245  00$aMinnesskrift :$bTunga sektionen 13 : 1941-1944.
=260  \\$a[Pargas] :$b[B. Nikander],$c1987$e([Åbo] :$fÅbo Akademi)
=300  \\$a81 s. :$bkuvitettu, karttoja ;$c30 cm
=336  \\$ateksti$btxt$2rdacontent
=337  \\$akäytettävissä ilman laitetta$bn$2rdamedia
=338  \\$anide$bnc$2rdacarrier
=500  \\$aArbetsgrupp: Lars Dufholm...[ja muita].
=610  14$aSuomi.$bMaavoimat.$bRaskas patteristo 13.$0(FIN11)000037744
=650  \7$ajatkosota$2yso/fin$0http://www.yso.fi/onto/yso/p5943
=650  \7$amuistelmat$2yso/fin$0http://www.yso.fi/onto/yso/p8111
=650  \7$asotahistoria$2yso/fin$0http://www.yso.fi/onto/yso/p13199
=700  1\$aDufholm, Lars$d(1920- )$0(FIN11)000041742$1http://viaf.org/viaf/14662718
=903  \\$aa
=910  1\$aTunga sektionen 13$yRaskas patteristo 13
=995  \\$aKansalliskirjasto

