=LDR  00866cam a2200277zi 4500
=001  f000007664
=005  20190703161216.0
=008  871007s1987^^^^fi^||||||||||||||||afin||
=015  \\$af872730$2skl
=035  \\$a(FI-FENNI)24672
=035  \\$a(FI-MELINDA)000007664
=040  \\$aFI-NL
=041  0\$afin
=042  \\$afinb
=080  \\$a929 Heikkinen$21974/fin/fennica
=100  1\$aHeikkinen, Eino$0(FIN11)000043571
=245  10$aPitkä polku /$cEino Heikkinen.
=260  \\$aKajaani :$b[E. Heikkinen],$c1987$f(Kainuun sanomat)
=300  \\$a96, [1] s. :$bkuvitettu ;$c21 cm
=336  \\$ateksti$btxt$2rdacontent
=337  \\$akäytettävissä ilman laitetta$bn$2rdamedia
=338  \\$anide$bnc$2rdacarrier
=600  14$aHeikkinen, Eino$0(FIN11)000043571
=650  \7$amuistelmat$2yso/fin$0http://www.yso.fi/onto/yso/p8111
=903  \\$aa
=995  \\$aKansalliskirjasto

