=LDR  00888cam a2200277zi 4500
=001  f000007705
=005  20190703161222.0
=008  871109s1986^^^^fi^||||||||||||||||afin||
=015  \\$af873234$2skl
=035  \\$a(FI-FENNI)25153
=035  \\$a(FI-MELINDA)000007705
=040  \\$aFI-NL
=041  0\$afin
=042  \\$afinb
=080  \\$a929 Viljanen$21974/fin/fennica
=100  1\$aViljanen, Arvo Armas$0(FIN11)000062618
=245  10$aMuistelmia pojasta - vaariksi, 1913-1986 /$cArvo Armas Viljanen.
=260  \\$a[Nokia] :$b[A.A. Viljanen],$c1986$e(Ylöjärvi :$fY-paino)
=300  \\$a131 s. :$bkuvitettu ;$c21 cm
=336  \\$ateksti$btxt$2rdacontent
=337  \\$akäytettävissä ilman laitetta$bn$2rdamedia
=338  \\$anide$bnc$2rdacarrier
=600  14$aViljanen, Arvo.
=650  \7$amuistelmat$2yso/fin$0http://www.yso.fi/onto/yso/p8111
=903  \\$aa
=995  \\$aKansalliskirjasto

