=LDR  01051cam a2200277zi 4500
=001  f000007717
=005  20190703161225.0
=008  871214s1987^^^^fi^||||||||||||||||afin||
=015  \\$af873374$2skl
=035  \\$a(FI-FENNI)25286
=035  \\$a(FI-MELINDA)000007717
=040  \\$aFI-NL
=041  0\$afin
=042  \\$afinb
=080  \\$a929 Tarvainen$21974/fin/fennica
=100  1\$aTarvainen, Olavi$d(1900- )$0(FIN11)000060621$1http://viaf.org/viaf/10373055
=245  10$aElämäni varrelta /$cOlavi Tarvainen.
=260  \\$a[Kontiolahti] :$b[O. Tarvainen],$c1987$e(Hki :$fYliopistopaino)
=300  \\$a[2], 151, [1] s., [7] kuvalehteä :$bkuvitettu ;$c30 cm
=336  \\$ateksti$btxt$2rdacontent
=337  \\$akäytettävissä ilman laitetta$bn$2rdamedia
=338  \\$anide$bnc$2rdacarrier
=600  14$aTarvainen, Olavi$d(1900- )$0(FIN11)000060621$1http://viaf.org/viaf/10373055
=650  \7$amuistelmat$2yso/fin$0http://www.yso.fi/onto/yso/p8111
=650  \7$apapit$2yso/fin$0http://www.yso.fi/onto/yso/p5468
=995  \\$aKansalliskirjasto$bHist$5ARTO

