=LDR  01042cam a2200301zi 4500
=001  f000007745
=005  20190703161227.0
=008  871214s1987^^^^fi^||||||||||||||||aswe||
=015  \\$af873595$2skl
=035  \\$a(FI-FENNI)25500
=035  \\$a(FI-MELINDA)000007745
=040  \\$aFI-NL
=041  0\$aswe
=042  \\$afinb
=080  \\$a929 Eriksson$21974/fin/fennica
=100  1\$aEriksson, Johannes,$d1869-1939.$0(FIN11)000042066
=245  10$aMinnesanteckningar 1869-1939 /$cJohannes Eriksson.
=260  \\$a[Finström] :$b[Södra Finströms byalag],$c1987$e([Mariehamn] :$fMariehamns tr.)
=300  \\$a[2], 6, [1] s. :$bkuvitettu ;$c30 cm
=336  \\$ateksti$btxt$2rdacontent
=337  \\$akäytettävissä ilman laitetta$bn$2rdamedia
=338  \\$anide$bnc$2rdacarrier
=505  0\$aSis. jäljenteitä käsikirjoituksesta (6 s.)
=600  14$aEriksson, Johannes,$d1869-1939.$0(FIN11)000042066
=650  \7$amuistelmat$2yso/fin$0http://www.yso.fi/onto/yso/p8111
=903  \\$ab
=904  \\$ap
=995  \\$aKansalliskirjasto$bHist$5ARTO

