=LDR  00959cam a2200313zi 4500
=001  f000007789
=005  20190703161232.0
=008  880316s1987^^^^fi^||||||||||||||||afin||
=015  \\$af880438$2skl
=035  \\$a(FI-FENNI)26440
=035  \\$a(FI-MELINDA)000007789
=040  \\$aFI-NL
=041  0\$afin
=042  \\$afinb
=080  \\$a364$21974/fin/fennica
=080  \\$a929 Keisanen$21974/fin/fennica
=100  1\$aKeisanen, Eero.
=245  10$aElämänmuutos /$cEero Keisanen.
=260  \\$a[Lehtimäki] :$b[E. Keisanen],$c1987$e(Alavus :$fViiskunta)
=300  \\$a68 s. :$bkuvitettu ;$c21 cm
=336  \\$ateksti$btxt$2rdacontent
=337  \\$akäytettävissä ilman laitetta$bn$2rdamedia
=338  \\$anide$bnc$2rdacarrier
=600  14$aKeisanen, Eero.
=650  \7$amuistelmat$2yso/fin$0http://www.yso.fi/onto/yso/p8111
=650  \7$avammaisuus$2yso/fin$0http://www.yso.fi/onto/yso/p6418
=903  \\$ab
=907  \\$aB
=995  \\$aKansalliskirjasto

