=LDR  01124cam a2200301zi 4500
=001  f000007790
=005  20190703161233.0
=008  880316s1987^^^^fi^||||||||||||||||afin||
=015  \\$af880439$2skl
=035  \\$a(FI-FENNI)26441
=035  \\$a(FI-MELINDA)000007790
=040  \\$aFI-NL
=041  0\$afin
=042  \\$afinb
=080  \\$a929 Helander$21974/fin/fennica
=100  1\$aHelander, Pekka$0(FIN11)000043776
=245  10$aPollarin Emppu ja Suttuherran poika :$b25 tarinaa vähäpoikien värikkäästä elämästä Euran kirkonseudulta 1940-luvun muistojen kirkastamana /$cPekka Helander ; piirrokset: Matti Laine.
=260  \\$a[Eura] :$bFoto-Helander,$c1987$f(Euraprint)
=300  \\$a123 s. :$bkuvitettu ;$c21 cm
=336  \\$ateksti$btxt$2rdacontent
=337  \\$akäytettävissä ilman laitetta$bn$2rdamedia
=338  \\$anide$bnc$2rdacarrier
=500  \\$aKansialanimeke: Vähäpoikien kohelluksia Euran kirkonseudulta.
=600  14$aHelander, Pekka$0(FIN11)000043776
=650  \7$amuistelmat$2yso/fin$0http://www.yso.fi/onto/yso/p8111
=710  2\$aFoto-Helander.
=903  \\$aa
=995  \\$aKansalliskirjasto

