=LDR  00979cam a2200301zi 4500
=001  f000007792
=005  20190703161233.0
=008  880419s1987^^^^fi^||||||||||||||||afin||
=015  \\$af880458$2skl
=035  \\$a(FI-FENNI)26459
=035  \\$a(FI-MELINDA)000007792
=040  \\$aFI-NL
=041  0\$afin
=042  \\$afinb
=080  \\$a929 Kuivasto$21974/fin/fennica
=100  1\$aKuivasto, Arvo,$d1897-$0(FIN11)000048838
=245  10$aArvo Kuivaston ajatuksia /$c[...koonnut Lea Seppänen].
=260  \\$a[Toijala] :$b[A. Kuivasto],$c1987$e(Valkeakoski :$fValkeakosken kirjap.)
=300  \\$a[2], 44, [1] s. :$bkuvitettu ;$c21 cm
=336  \\$ateksti$btxt$2rdacontent
=337  \\$akäytettävissä ilman laitetta$bn$2rdamedia
=338  \\$anide$bnc$2rdacarrier
=600  14$aKuivasto, Arvo,$d1897-$0(FIN11)000048838
=650  \7$amuistelmat$2yso/fin$0http://www.yso.fi/onto/yso/p8111
=700  1\$aSeppänen, Lea.
=903  \\$aa
=904  \\$ap
=995  \\$aKansalliskirjasto

