=LDR  01382cam a2200337zi 4500
=001  f000007821
=005  20190703161241.0
=008  880525s1987^^^^ru^|||||||||||||||||rus||
=015  \\$af880785$2skl
=035  \\$a(FI-FENNI)26771
=035  \\$a(FI-MELINDA)000007821
=040  \\$aFI-NL
=041  1\$arus$hswe
=042  \\$afinb
=080  \\$a916$21974/fin/fennica
=100  1\$aLundberg, Ulla-Lena$d(1947- )$0(FIN11)000051335$1http://viaf.org/viaf/19720793
=240  10$aÖar i Afrikas inre
=245  10$aOstrova v serdtse Afriki /$cUlla-Lena Lundberg ; [izd.:] Akademija nauk SSSR. Ordena trudovogo krasnogo znameni. Institut vostokovedenija ; [sokraščennyj per. so švedskogo L. R. Serebrjannogo] ; [otvetstvennyj red., avtor primečanij i posleslovija: K. P. Filonov].
=260  \\$aMoskva :$bNauka,$c1987.
=300  \\$a319 s., [8] kuvasivua :$bkuvitettu ;$c20 cm
=336  \\$ateksti$btxt$2rdacontent
=337  \\$akäytettävissä ilman laitetta$bn$2rdamedia
=338  \\$anide$bnc$2rdacarrier
=650  \7$amatkakertomukset$2yso/fin$0http://www.yso.fi/onto/yso/p5977
=650  \7$amatkat$2yso/fin$0http://www.yso.fi/onto/yso/p366
=651  \7$aAfrikka$2yso/fin$0http://www.yso.fi/onto/yso/p94080
=700  1\$aFilonov, K. P.
=700  1\$aSerebrjannyj, L. R.
=710  2\$aAkademija nauk SSSR.$bInstitut vostokovedenija.
=903  \\$ac
=995  \\$aKansalliskirjasto

