=LDR  00875cam a2200277zi 4500
=001  f000007834
=005  20190703161244.0
=008  880525s1987^^^^fi^||||||||||||||||afin||
=015  \\$af880887$2skl
=035  \\$a(FI-FENNI)26870
=035  \\$a(FI-MELINDA)000007834
=040  \\$aFI-NL
=041  0\$afin
=042  \\$afinb
=080  \\$a929 Jurvela$21974/fin/fennica
=100  1\$aJurvela, Mikko.
=245  10$aMaisteri maalla ja merellä :$bmuistelmia omasta elämästäni /$cMikko Jurvela.
=260  \\$a[Hki] :$b[M. Jurvela],$c[1987]
=300  \\$a[6], 159, 6 s., [4] kuvasivua :$bkuvitettu ;$c25 cm
=336  \\$ateksti$btxt$2rdacontent
=337  \\$akäytettävissä ilman laitetta$bn$2rdamedia
=338  \\$anide$bnc$2rdacarrier
=600  14$aJurvela, Mikko.
=650  \7$amuistelmat$2yso/fin$0http://www.yso.fi/onto/yso/p8111
=903  \\$aa
=995  \\$aKansalliskirjasto

