=LDR  00893cam a2200289zi 4500
=001  f000007954
=005  20190703161301.0
=008  881117s1988^^^^fi^|||||||||||||||||fin||
=015  \\$af883300$2skl
=035  \\$a(FI-FENNI)28500
=035  \\$a(FI-MELINDA)000007954
=040  \\$aFI-NL
=041  0\$afin
=042  \\$afinb
=080  \\$a929 Putila$21974/fin/fennica
=084  \\$a99.12$2ykl
=100  1\$aPutila, Impi Elina.
=245  10$aElämäni oppikoulu /$cImpi Elina Putila.
=260  \\$a[Kiiskilampi] :$b[I. E. Putila],$c1988$e([Oulainen] :$fPyhäjokiseudun kirjap.)
=300  \\$a[2], 158, [1] s. ;$c21 cm
=336  \\$ateksti$btxt$2rdacontent
=337  \\$akäytettävissä ilman laitetta$bn$2rdamedia
=338  \\$anide$bnc$2rdacarrier
=600  14$aPutila, Impi Elina.
=650  \7$amuistelmat$2yso/fin$0http://www.yso.fi/onto/yso/p8111
=903  \\$aa
=995  \\$aKansalliskirjasto

