=LDR  01131cam a2200325zi 4500
=001  f000007996
=005  20190703161310.0
=008  890523s1989^^^^fi^||||||||||||||||afin||
=015  \\$af890307$2skl
=035  \\$a(FI-FENNI)29123
=035  \\$a(FI-MELINDA)000007996
=040  \\$aFI-NL
=041  0\$afin
=042  \\$afinb
=080  \\$a929 Rönkkö$21974/fin/fennica
=084  \\$a99.12$2ykl
=100  1\$aRönkkö, Viljo$0(FIN11)000057585
=245  10$aOlin päivän kotimiehenä /$cViljo Rönkkö ; piirustukset: Veijo Tuomainen.
=260  \\$a[Kuopio] :$b[V. Rönkkö],$c1989$f(Kuopion työkeskus)
=300  \\$a66, [1] s. :$bkuvitettu ;$c21 cm
=336  \\$ateksti$btxt$2rdacontent
=337  \\$akäytettävissä ilman laitetta$bn$2rdamedia
=338  \\$anide$bnc$2rdacarrier
=500  \\$aKannessa nimeke eri tavalla kuin nimiösivulla: Olin kotimiehenä päivän.
=500  \\$aKertomus pikkupojan päivästä syksyllä 1925.
=600  14$aRönkkö, Viljo$0(FIN11)000057585
=650  \7$amuistelmat$2yso/fin$0http://www.yso.fi/onto/yso/p8111
=700  1\$aTuomainen, Veijo.
=903  \\$aa
=995  \\$aKansalliskirjasto

