=LDR  00867cam a2200289zi 4500
=001  f000008004
=005  20190703161311.0
=008  891010s1989^^^^fi^||||||||||||||||afin||
=015  \\$af890482$2skl
=035  \\$a(FI-FENNI)29297
=035  \\$a(FI-MELINDA)000008004
=040  \\$aFI-NL
=041  0\$afin
=042  \\$afinb
=080  \\$a929 Soukka$21974/fin/fennica
=084  \\$a99.12$2ykl
=100  1\$aSoukka, Lilja.
=245  10$aVierailla veräjillä /$cLilja Soukka.
=260  \\$a[Kotka] :$b[L. Soukka],$c1989$f(Anson)
=300  \\$a159 s. :$bkuvitettu ;$c22 cm
=336  \\$ateksti$btxt$2rdacontent
=337  \\$akäytettävissä ilman laitetta$bn$2rdamedia
=338  \\$anide$bnc$2rdacarrier
=500  \\$aKannessa myös: 1939-1949.
=600  14$aSoukka, Lilja.
=650  \7$amuistelmat$2yso/fin$0http://www.yso.fi/onto/yso/p8111
=995  \\$aKansalliskirjasto

