=LDR  01281cam a2200349zi 4500
=001  f000008019
=005  20190703161313.0
=008  890207s1988^^^^fi^|||||||||||||||||fin||
=015  \\$af891004$2skl
=035  \\$a(FI-FENNI)29789
=035  \\$a(FI-MELINDA)000008019
=040  \\$aFI-NL
=041  0\$afin
=042  \\$afinb
=080  \\$a908 Naantali$21974/fin/fennica
=080  \\$a929$21974/fin/fennica
=080  \\$a929.5/.9$21974/fin/fennica
=100  1\$aLännemaa, Rauli.$0(FIN11)000051526
=245  10$aLuonnonmaan Haijainen :$bhistoriaa ja ihmisiä /$ckoonnut Rauli Lännemaa.
=260  \\$a[Naantali] :$b[R. Lännemaa],$c[1988]
=300  \\$a239 s. :$bkuvitettu, karttoja ;$c25 cm
=336  \\$ateksti$btxt$2rdacontent
=337  \\$akäytettävissä ilman laitetta$bn$2rdamedia
=338  \\$anide$bnc$2rdacarrier
=600  34$aHaijanen,$csuku.
=650  \7$ahistoria$2yso/fin$0http://www.yso.fi/onto/yso/p1780
=650  \7$amuistelmat$2yso/fin$0http://www.yso.fi/onto/yso/p8111
=650  \7$apaikallishistoriat (historiikit)$2yso/fin$0http://www.yso.fi/onto/yso/p1779
=650  \7$asukututkimus$2yso/fin$0http://www.yso.fi/onto/yso/p18055
=651  \7$aHaijainen (Naantali)$2yso/fin$0http://www.yso.fi/onto/yso/p115081
=903  \\$ab
=995  \\$aKansalliskirjasto

