=LDR  01305cam a2200361zi 4500
=001  f000008023
=005  20190703161314.0
=008  890207s1988^^^^fi^||||||c^^^|||||||fin||
=015  \\$af891036$2skl
=035  \\$a(FI-FENNI)29821
=035  \\$a(FI-MELINDA)000008023
=040  \\$aFI-NL
=041  0\$afin
=042  \\$afinb
=080  \\$a314$21974/fin/fennica
=080  \\$a929$21974/fin/fennica
=080  \\$a948.0$21974/fin/fennica
=084  \\$a99.12$2ykl
=245  00$aKarjalaiset Karkkilassa 1944-1953 /$c[julk.] Karkkilan karjalaiset.
=260  \\$a[Karkkila] :$bKarkkilan karjalaiset,$c1988$e(Vihti :$fVihdin kirjap.)
=300  \\$a141, [1] s. :$bkuvitettu, karttoja ;$c26 cm
=336  \\$ateksti$btxt$2rdacontent
=337  \\$akäytettävissä ilman laitetta$bn$2rdamedia
=338  \\$anide$bnc$2rdacarrier
=500  \\$aKoonnut: Pellervo Hyytiäinen ; piirrokset: Matti Kota.
=650  \7$aevakuointi$2yso/fin$0http://www.yso.fi/onto/yso/p8436
=650  \7$akarjalaiset$2yso/fin$0http://www.yso.fi/onto/yso/p13373
=650  \7$amuistelmat$2yso/fin$0http://www.yso.fi/onto/yso/p8111
=651  \7$aKarkkila$2yso/fin$0http://www.yso.fi/onto/yso/p94193
=700  1\$aHyytiäinen, Pellervo.
=710  2\$aKarkkilan karjalaiset.$0(FIN11)000001710
=903  \\$aa
=995  \\$aKansalliskirjasto

