=LDR  01317cam a2200361zi 4500
=001  f000008029
=005  20190703161315.0
=008  890417s1988^^^^fi^||||||||||||||||bfin||
=015  \\$af891085$2skl
=035  \\$a(FI-FENNI)29868
=035  \\$a(FI-MELINDA)000008029
=040  \\$aFI-NL
=041  0\$afin
=042  \\$afinb
=080  \\$a929 Pesonen$21974/fin/fennica
=084  \\$a99.12$2ykl
=100  1\$aLaiho, Arja$1http://viaf.org/viaf/73061287
=245  10$aSuutari J. V. Pesonen muistelee /$c[kirj. Arja Laiho] ; [toim.: Ilmari Hakala].
=260  \\$a[Tuusula] :$bTuusula-seura,$c[1988]$f(Keski-Uusimaa)
=300  \\$a[2], 68, [2] s. :$bkuvitettu ;$c21 cm
=336  \\$ateksti$btxt$2rdacontent
=337  \\$akäytettävissä ilman laitetta$bn$2rdamedia
=338  \\$anide$bnc$2rdacarrier
=490  1\$aTuusula-seura ry:n julkaisu,$x0784-7378 ;$vnro 4
=600  14$aPesonen, Johan Viktor,$d1886-$0(FIN11)000066439
=650  \7$aelämäkerrat$2yso/fin$0http://www.yso.fi/onto/yso/p11597
=650  \7$amuistelmat$2yso/fin$0http://www.yso.fi/onto/yso/p8111
=650  \7$aBiography$2ELB-g
=700  1\$aHakala, Ilmari$0(FIN11)000136916
=830  \0$aTuusula-seura ry:n julkaisu,$x0784-7378 ;$v4.
=830  \0$aTuusula-seura ry:n julkaisu,$x0784-7378 ;$vnro 4.
=903  \\$ab
=995  \\$aKansalliskirjasto

