=LDR  01348cam a2200385zi 4500
=001  f000008077
=005  20190703161323.0
=008  891114s1989^^^^fi^||||||||||||||||afin||
=015  \\$af892949$2skl
=035  \\$a(FI-FENNI)30635
=035  \\$a(FI-MELINDA)000008077
=040  \\$aFI-NL
=041  0\$afin
=042  \\$afinb
=080  \\$a355/359$21974/fin/fennica
=080  \\$a929 Lahti$21974/fin/fennica
=084  \\$a92.73$2ykl
=084  \\$a99.12$2ykl
=100  1\$aLahti, Tapani.
=245  10$aKaveria ei jätetä :$bsotamuistoja Inon rannoilta Ilomantsiin /$cTapani Lahti.
=260  \\$a[Hamina] :$b[Kaakkois-Kymen aluesäästöpankki],$c1989$f(Pigg)
=300  \\$a46, [1] s. :$bkuvitettu, karttoja ;$c25 cm
=336  \\$ateksti$btxt$2rdacontent
=337  \\$akäytettävissä ilman laitetta$bn$2rdamedia
=338  \\$anide$bnc$2rdacarrier
=500  \\$aLiite:Esimiehiä ja aseveljiä.
=500  \\$aTapani Lahden alkuperäismuistiinpanojen pohjalta tekstin tarkistanut ja muokannut Väinö Hakanen.
=600  14$aLahti, Tapani.
=650  \7$ajatkosota$2yso/fin$0http://www.yso.fi/onto/yso/p5943
=650  \7$amuistelmat$2yso/fin$0http://www.yso.fi/onto/yso/p8111
=650  \7$asotahistoria$2yso/fin$0http://www.yso.fi/onto/yso/p13199
=700  1\$aHakanen, Väinö.
=903  \\$aa
=904  \\$ap
=995  \\$aKansalliskirjasto

