=LDR  01218cam a2200337zi 4500
=001  f000008081
=005  20190703161324.0
=008  891114s1989^^^^fi^||||||||||||||||aswe||
=015  \\$af893004$2skl
=035  \\$a(FI-FENNI)30684
=035  \\$a(FI-MELINDA)000008081
=040  \\$aFI-NL
=041  0\$aswe
=042  \\$afinb
=080  \\$a613$21974/fin/fennica
=080  \\$a929 Tallgren$21974/fin/fennica
=100  1\$aKauppila, Ritva.$0(FIN11)000047149
=240  10$aHintana elämä
=245  10$aDet kostade dem livet :$bstoryn om två bröder /$cRitva Kauppila, Liisa Tallgren ; [övers.: Pia Hartman].
=260  \\$a[Hfors] :$bFörsamlingsförbundet,$c[1989]$e([Vasa] :$f[Fram])
=300  \\$a169 s. ;$c20 cm
=336  \\$ateksti$btxt$2rdacontent
=337  \\$akäytettävissä ilman laitetta$bn$2rdamedia
=338  \\$anide$bnc$2rdacarrier
=600  14$aTallgren, Liisa$0(FIN11)000060398
=650  \7$ahuumeiden käyttö$2yso/fin$0http://www.yso.fi/onto/yso/p10618
=650  \7$amuistelmat$2yso/fin$0http://www.yso.fi/onto/yso/p8111
=650  \7$anarkomaanit$2yso/fin$0http://www.yso.fi/onto/yso/p4475
=700  1\$aHartman, Pia.
=700  1\$aTallgren, Liisa$0(FIN11)000060398
=995  \\$aKansalliskirjasto

