=LDR  01042cam a2200325zi 4500
=001  f000008083
=005  20190703161325.0
=008  891220s1989^^^^fi^|||||||||||||||||fin||
=015  \\$af893038$2skl
=035  \\$a(FI-FENNI)30715
=035  \\$a(FI-MELINDA)000008083
=040  \\$aFI-NL
=041  0\$afin
=042  \\$afinb
=080  \\$a929 Kyrönseppä$21974/fin/fennica
=084  \\$a99.12$2ykl
=100  1\$aKyrönseppä, Elma.
=245  10$aEräs Elma :$bmuisteluksia.
=260  \\$a[Hki] :$b[K. Kyrönseppä],$c1989$f(Yliopistopaino)
=300  \\$a183 s. :$bkuvitettu ;$c21 cm
=336  \\$ateksti$btxt$2rdacontent
=337  \\$akäytettävissä ilman laitetta$bn$2rdamedia
=338  \\$anide$bnc$2rdacarrier
=500  \\$aElma Kyrönsepän muistelmat hänen nauhalle puhuminaan ; toim. Kari Kyrönseppä.
=500  \\$aOmakustanne.
=600  14$aKyrönseppä, Elma.
=650  \7$amuistelmat$2yso/fin$0http://www.yso.fi/onto/yso/p8111
=700  1\$aKyrönseppä, Kari.$0(FIN11)000111630
=903  \\$ab
=995  \\$aKansalliskirjasto

