=LDR  01051cam a2200325zi 4500
=001  f000008105
=005  20190703161328.0
=008  890830s1988^^^^fi^|||||||||||||||||fin||
=015  \\$af894182$2skl
=035  \\$a(FI-FENNI)30998
=035  \\$a(FI-MELINDA)000008105
=040  \\$aFI-NL
=041  0\$afin
=042  \\$afinb
=080  \\$a929 Laitinen$21974/fin/fennica
=084  \\$a99.12$2ykl
=100  1\$aLaitinen, Arvo$0(FIN11)000049773
=245  10$aVaari muistelee /$c...koonnut Risto Tuominen.
=260  \\$a[Turku] :$b[R. Tuominen],$c[1988]$f(Grafia)
=300  \\$a35 lehteä :$bkuvitettu ;$c26 cm
=336  \\$ateksti$btxt$2rdacontent
=337  \\$akäytettävissä ilman laitetta$bn$2rdamedia
=338  \\$anide$bnc$2rdacarrier
=500  \\$aPerustuu Arvo Laitisen haastatteluihin sekä Raskas patteristo 30:n sotapäiväkirjaan.
=600  14$aLaitinen, Arvo$0(FIN11)000049773
=650  \7$amuistelmat$2yso/fin$0http://www.yso.fi/onto/yso/p8111
=700  1\$aTuominen, Risto.
=903  \\$ab
=904  \\$ap
=995  \\$aKansalliskirjasto

