=LDR  00902cam a2200277zi 4500
=001  f000029506
=005  20190703162656.0
=008  861215s1986^^^^sw^||||||||||||||||aswe||
=015  \\$afx33446$2skl
=020  \\$a91-36-02572-0$qsidottu
=035  \\$a(FI-FENNI)33446
=035  \\$a(FI-MELINDA)000029506
=040  \\$aFI-NL
=041  0\$aswe
=042  \\$afinb
=080  \\$a929 Blomqvist$21974/fin/fennica
=100  1\$aBlomqvist, Anni$d(1909-1990)$0(FIN11)000067548$1http://viaf.org/viaf/32802038
=245  10$aVandring i barndomslandet /$cAnni Blomqvist.
=260  \\$a[Stockholm] :$bLT,$c[1986]$e(Jyväskylä :$fGummerus)
=300  \\$a162, [1] s. ;$c21 cm
=336  \\$ateksti$btxt$2rdacontent
=337  \\$akäytettävissä ilman laitetta$bn$2rdamedia
=338  \\$anide$bnc$2rdacarrier
=650  \7$amuistelmat$2yso/fin$0http://www.yso.fi/onto/yso/p8111
=903  \\$ac
=995  \\$aKansalliskirjasto

