=LDR  01116cam a2200301zi 4500
=001  f000035381
=005  20190703163538.0
=008  880210s1987^^^^fi^||||||||||||||||afin||
=015  \\$afx40252$2skl
=020  \\$a951-0-13307-8$qsidottu
=035  \\$a(FI-FENNI)40252
=035  \\$a(FI-MELINDA)000035381
=040  \\$aFI-NL
=041  1\$afin$heng
=042  \\$afinb
=080  \\$a929 Wiskari$21974/fin/fennica
=100  1\$aWiskari, Werner$d(1918-2008)$0(FIN11)000063527$1http://viaf.org/viaf/310607733
=245  10$aPahanilmanlintu /$cWerner Wiskari ; suom. Seppo Hyrkäs.
=260  \\$aPorvoo ;$aHki ;$aJuva :$bWSOY,$c1987$e(Juva)
=300  \\$a287, [1] s. ;$c22 cm
=336  \\$ateksti$btxt$2rdacontent
=337  \\$akäytettävissä ilman laitetta$bn$2rdamedia
=338  \\$anide$bnc$2rdacarrier
=500  \\$aEngl. käsikirjoitus: Bad weather bird.
=600  14$aWiskari, Werner$d(1918-2008)$0(FIN11)000063527$1http://viaf.org/viaf/310607733
=650  \7$amuistelmat$2yso/fin$0http://www.yso.fi/onto/yso/p8111
=700  1\$aHyrkäs, Seppo,$d1944-2014.$0(FIN11)000044818
=995  \\$aKansalliskirjasto$bHist$5ARTO

