=LDR  01315cam a2200385zi 4500
=001  f000035400
=005  20190703163547.0
=008  860902s1986^^^^fi^||||||||||||||||afin||
=015  \\$afx40495$2skl
=020  \\$a951-0-13577-1$qsidottu
=035  \\$a(FI-FENNI)40495
=035  \\$a(FI-MELINDA)000035400
=040  \\$aFI-NL
=041  0\$afin
=042  \\$afinb
=080  \\$a929 Paasikivi$21974/fin/fennica
=080  \\$a948.0$21974/fin/fennica
=100  1\$aPaasikivi, Juho Kusti$d(1870-1956)$0(FIN11)000068632$1http://viaf.org/viaf/52484707
=245  10$aPaasikiven muistelmia sortovuosilta.
=250  \\$a2. p.
=260  \\$aPorvoo ;$aHki ;$aJuva :$bWSOY,$c1986$e(Juva)
=300  \\$aVIII, 255, [4], 218 s. ;$c26 cm
=336  \\$ateksti$btxt$2rdacontent
=337  \\$akäytettävissä ilman laitetta$bn$2rdamedia
=338  \\$anide$bnc$2rdacarrier
=500  \\$a1. p. 1957
=500  \\$a1. p. ilmestyi v. 1957 kahtena niteenä.
=500  \\$aKuvattu v. 1957 ilm. laitoksesta.
=500  \\$aKuvattu v. 1957 ilm. laitoksesta. 1. p. 1957. Osat 1 ja 2.
=500  \\$aOsat 1 ja 2 yhteensidottu.
=505  0\$aOsat 1 ja 2
=650  \7$amuistelmat$2yso/fin$0http://www.yso.fi/onto/yso/p8111
=650  \7$asortovuodet$2yso/fin$0http://www.yso.fi/onto/yso/p3245
=902  \\$ab
=995  \\$aKansalliskirjasto

