=LDR  01502cam a2200373zi 4500
=001  f000035417
=005  20190703163554.0
=008  861215s1986^^^^fi^|||||||||||||||||fin||
=015  \\$afx40706$2skl
=020  \\$a951-0-13806-1$qsidottu
=035  \\$a(FI-FENNI)40706
=035  \\$a(FI-MELINDA)000035417
=040  \\$aFI-NL
=041  1\$afin$hswe
=042  \\$afinb
=080  \\$a929 Tikkanen$21974/fin/fennica
=130  0\$aHenrik.
=245  10$aHenrik /$c[suom. Risto Hannula, Eila Pennanen].
=260  \\$aPorvoo ;$aHki ;$aJuva :$bWSOY,$c1986$e(Porvoo)
=300  \\$a154, [1] s. :$bkuvitettu ;$c22 cm
=336  \\$ateksti$btxt$2rdacontent
=337  \\$akäytettävissä ilman laitetta$bn$2rdamedia
=338  \\$anide$bnc$2rdacarrier
=500  \\$aHenrik [= Henrik Tikkanen].
=500  \\$aToim. Märta Tikkanen.
=600  14$aTikkanen, Henrik$d(1924-1984)$0(FIN11)000060940$1http://viaf.org/viaf/114550783
=650  \7$akirjailijat$2yso/fin$0http://www.yso.fi/onto/yso/p8970
=650  \7$akuvataiteilijat$2yso/fin$0http://www.yso.fi/onto/yso/p7530
=650  \7$amuistelmat$2yso/fin$0http://www.yso.fi/onto/yso/p8111
=700  1\$aAminoff, Dorthy.
=700  1\$aHannula, Risto$d(1936- )$ekääntäjä.$0(FIN11)000043217$1http://viaf.org/viaf/40639184
=700  1\$aPennanen, Eila$d(1916-1994)$ekääntäjä.$0(FIN11)000055139$1http://viaf.org/viaf/2484333
=700  1\$aTikkanen, Märta$d(1935- )$etoimittaja.$0(FIN11)000067687$1http://viaf.org/viaf/84125821
=995  \\$aKansalliskirjasto

