=LDR  01012cam a2200289zi 4500
=001  f000035449
=005  20190703163607.0
=008  870714s1987^^^^fi^||||||||||||||||afin||
=015  \\$afx40964$2skl
=020  \\$a951-0-14104-6$qsidottu
=035  \\$a(FI-FENNI)40964
=035  \\$a(FI-MELINDA)000035449
=040  \\$aFI-NL
=041  0\$afin
=042  \\$afinb
=080  \\$a371$21974/fin/fennica
=080  \\$a929 Henttonen$21974/fin/fennica
=100  1\$aHenttonen, Antti$d(1922- )$0(FIN11)000043945$1http://viaf.org/viaf/262011202
=245  10$aPilkkeitä :$bkoulu- ja lehtimiehen polulta /$cAntti Henttonen.
=260  \\$aPorvoo ;$aHki ;$aJuva :$bWSOY,$c1987$e(Juva)
=300  \\$a331, [1] s. ;$c21 cm
=336  \\$ateksti$btxt$2rdacontent
=337  \\$akäytettävissä ilman laitetta$bn$2rdamedia
=338  \\$anide$bnc$2rdacarrier
=650  \7$amuistelmat$2yso/fin$0http://www.yso.fi/onto/yso/p8111
=650  \7$aopettajat$2yso/fin$0http://www.yso.fi/onto/yso/p1117
=995  \\$aKansalliskirjasto$bHist$5ARTO

