=LDR  01041cam a2200313zi 4500
=001  f000035473
=005  20190703163619.0
=008  871214s1987^^^^fi^||||||||||||||||afin||
=015  \\$afx41256$2skl
=020  \\$a951-0-14426-6$qsidottu
=035  \\$a(FI-FENNI)41256
=035  \\$a(FI-MELINDA)000035473
=040  \\$aFI-NL
=041  1\$afin$heng
=042  \\$afinb
=080  \\$a929 Fraser$21974/fin/fennica
=100  1\$aFraser, Eugenie.
=240  14$aThe house by the Dvina
=245  10$aTalo Vienanjoen varrella :$bvenäläinen lapsuus /$cEugenie Fraser ; suom. Leila Ponkala.
=260  \\$aPorvoo ;$aHki ;$aJuva :$bWSOY,$c1987$e(Juva)
=300  \\$a342, [1] s., [16] kuvasivua :$bkuvitettu ;$c23 cm
=336  \\$ateksti$btxt$2rdacontent
=337  \\$akäytettävissä ilman laitetta$bn$2rdamedia
=338  \\$anide$bnc$2rdacarrier
=600  14$aFraser, Eugenie.
=650  \7$amuistelmat$2yso/fin$0http://www.yso.fi/onto/yso/p8111
=700  1\$aPonkala, Elina,$ekääntäjä.
=700  1\$aPonkala, Leila.
=995  \\$aKansalliskirjasto

