=LDR  01106cam a2200277zi 4500
=001  f000035494
=005  20190703163625.0
=008  880316s1987^^^^fi^||||||||||||||||afin||
=015  \\$afx41477$2skl
=020  \\$a951-0-14686-2$qsidottu
=035  \\$a(FI-FENNI)41477
=035  \\$a(FI-MELINDA)000035494
=040  \\$aFI-NL
=041  0\$afin
=042  \\$afinb
=080  \\$a929 Hästö$21974/fin/fennica
=100  1\$aHästö, Stig H$d(1918-1997)$0(FIN11)000045122$1http://viaf.org/viaf/42636339
=245  10$aVuodet kertyvät, pilvet haihtuvat :$bomaelämäkerrallista tarinaa ja mietteitä seitsemältä vuosikymmeneltä /$cStig H. Hästö.
=260  \\$aPorvoo ;$aHki ;$aJuva :$bWSOY,$c1987$e(Porvoo)$e(Juva)
=300  \\$a496, [3] s., [16] kuvasivua :$bkuvitettu ;$c23 cm
=336  \\$ateksti$btxt$2rdacontent
=337  \\$akäytettävissä ilman laitetta$bn$2rdamedia
=338  \\$anide$bnc$2rdacarrier
=600  14$aHästö, Stig H$d(1918-1997)$0(FIN11)000045122$1http://viaf.org/viaf/42636339
=650  \7$amuistelmat$2yso/fin$0http://www.yso.fi/onto/yso/p8111
=995  \\$aKansalliskirjasto$bHist$5ARTO

