=LDR  01495cam a2200397zi 4500
=001  f000035495
=005  20190703163626.0
=008  880210s1987^^^^fi^||||||||||||||||afin||
=015  \\$afx41478$2skl
=020  \\$a951-0-14687-0$qsidottu
=035  \\$a(FI-FENNI)41478
=035  \\$a(FI-MELINDA)000035495
=040  \\$aFI-NL
=041  1\$afin$heng
=042  \\$afinb
=080  \\$a929 Hammer$21974/fin/fennica
=100  1\$aHammer, Armand.
=240  10$aHammer
=245  10$aHammer :$bvuosisadan kauppamies /$cArmand Hammer, Neil Lyndon ; suom. Leevi Lehto.
=260  \\$aPorvoo ;$aHki ;$aJuva :$bWSOY,$c1987$e(Juva)
=300  \\$a616, [1] s., [32] kuvasivua :$bkuvitettu ;$c23 cm
=336  \\$ateksti$btxt$2rdacontent
=337  \\$akäytettävissä ilman laitetta$bn$2rdamedia
=338  \\$anide$bnc$2rdacarrier
=490  1\$aProfiili-sarja
=490  1\$aTurun kauppakorkeakoulu, yritystoiminnan tutkimuskeskus ja itäkaupan tutkimus- ja koulutusyksikkö. Profiili-sarja
=500  \\$aAlkuteos: Hammer.
=500  \\$aLisäpainokset: 2. p. 1988.
=590  \\$a2. uppl. 1988
=600  14$aHammer, Armand.
=650  \7$amuistelmat$2yso/fin$0http://www.yso.fi/onto/yso/p8111
=700  1\$aLehto, Leevi$d(1951-2019)$0(FIN11)000050361$1http://viaf.org/viaf/315232281
=700  1\$aLyndon, Neil.
=830  \0$aProfiili-sarja.
=830  \0$aTurun kauppakorkeakoulu, yritystoiminnan tutkimuskeskus ja itäkaupan tutkimus- ja koulutusyksikkö. Profiili-sarja.
=995  \\$aKansalliskirjasto

