=LDR  01137cam a2200301zi 4500
=001  f000035496
=005  20190703163627.0
=008  880210s1987^^^^fi^||||||||||||||||afin||
=015  \\$afx41482$2skl
=020  \\$a951-0-14691-9$qsidottu
=035  \\$a(FI-FENNI)41482
=035  \\$a(FI-MELINDA)000035496
=040  \\$aFI-NL
=041  0\$afin
=042  \\$afinb
=080  \\$a929 Laurikainen$x-Negrea$21974/fin/fennica
=100  1\$aLaurikainen-Negrea, Martta$0(FIN11)000050141
=245  10$aElämä on muistoissa /$cMartta Laurikainen-Negrea ; toim. Anu Seppälä.
=260  \\$aPorvoo ;$aHki ;$aJuva :$bWSOY,$c1987$e(Juva)
=300  \\$a318, [1] s., [16] kuvasivua :$bkuvitettu ;$c22 cm
=336  \\$ateksti$btxt$2rdacontent
=337  \\$akäytettävissä ilman laitetta$bn$2rdamedia
=338  \\$anide$bnc$2rdacarrier
=600  14$aLaurikainen-Negrea, Martta$0(FIN11)000050141
=650  \7$amuistelmat$2yso/fin$0http://www.yso.fi/onto/yso/p8111
=700  1\$aSeppälä, Anu$ekirjoittaja.$0(FIN11)000058744$1http://viaf.org/viaf/33645126
=900  1\$aNegrea, Martta Laurikainen$yLaurikainen-Negrea, Martta
=995  \\$aKansalliskirjasto

