=LDR  01285cam a2200361zi 4500
=001  f000035499
=005  20190710170435.0
=008  880419s1988^^^^fi^||||||||||||||||afin||
=015  \\$afx41513$2skl
=020  \\$a951-0-14739-7$qsidottu
=035  \\$a(FI-FENNI)41513
=035  \\$a(FI-MELINDA)000035499
=040  \\$aFI-NL
=041  1\$afin$heng
=042  \\$afinb
=080  \\$a613.2$21974/fin/fennica
=080  \\$a615.85$21974/fin/fennica
=080  \\$a616$21974/fin/fennica
=080  \\$a616$x-084$21974/fin/fennica
=080  \\$a929 Bishop$21974/fin/fennica
=100  1\$aBishop, Beata.
=240  12$aA time to heal
=245  10$aParanemisen aika :$bvoitto syövästä ja tulevaisuuden terapia /$cBeata Bishop ; suom. Arto ja Kirsti Ingervo.
=260  \\$aPorvoo ;$aHki ;$aJuva :$bWSOY,$c1988$e(Juva)
=300  \\$a348 s. ;$c21 cm
=336  \\$ateksti$btxt$2rdacontent
=337  \\$akäytettävissä ilman laitetta$bn$2rdamedia
=338  \\$anide$bnc$2rdacarrier
=600  14$aBishop, Beata.
=650  \7$amuistelmat$2yso/fin$0http://www.yso.fi/onto/yso/p8111
=700  1\$aIngervo, Arto$0(FIN11)000045348$1http://viaf.org/viaf/40149106031568490919
=700  1\$aIngervo, Kirsti$0(FIN11)000045349$1http://viaf.org/viaf/39149106029568490905
=995  \\$aKansalliskirjasto

