=LDR  01234cam a2200361zi 4500
=001  f000035510
=005  20190703163633.0
=008  880525s1988^^^^fi^||||||||||||||||afin||
=015  \\$afx41650$2skl
=020  \\$a951-0-14887-3$qsidottu
=035  \\$a(FI-FENNI)41650
=035  \\$a(FI-MELINDA)000035510
=040  \\$aFI-NL
=041  1\$afin$heng
=042  \\$afinb
=080  \\$a616$21974/fin/fennica
=080  \\$a929 McLean$21974/fin/fennica
=084  \\$a59.53$2ykl
=100  1\$aMcLean, Teresa.
=240  10$aMetal jam : the story of a diabetic
=245  10$aMetallin maku :$bdiabeetikon tarina /$cTeresa McLean ; suom. Mikko Kilpi.
=260  \\$aPorvoo ;$aHki ;$aJuva :$bWSOY,$c1988$e(Juva)
=300  \\$a249, [1] s. ;$c21 cm
=336  \\$ateksti$btxt$2rdacontent
=337  \\$akäytettävissä ilman laitetta$bn$2rdamedia
=338  \\$anide$bnc$2rdacarrier
=500  \\$aEngl. alkuteos: metal jam : the story of a diabetic.
=600  14$aMcLean, Teresa.
=650  \7$adiabetes$2yso/fin$0http://www.yso.fi/onto/yso/p8304
=650  \7$amuistelmat$2yso/fin$0http://www.yso.fi/onto/yso/p8111
=700  1\$aKilpi, Mikko$0(FIN11)000071937$1http://viaf.org/viaf/162475560
=972  \\$aA0025482
=995  \\$aKansalliskirjasto

