=LDR  00994cam a2200289zi 4500
=001  f000035524
=005  20190703163640.0
=008  881220s1988^^^^fi^|||||||||||||||||fin||
=015  \\$afx41835$2skl
=020  \\$a951-0-15097-5$qsidottu
=035  \\$a(FI-FENNI)41835
=035  \\$a(FI-MELINDA)000035524
=040  \\$aFI-NL
=041  0\$afin
=042  \\$afinb
=080  \\$a929$21974/fin/fennica
=084  \\$a99.12$2ykl
=245  00$aUkki ja mummi /$ctoim. Elina Karjalainen ; valokuvat: Topi Ikäläinen.
=260  \\$aPorvoo ;$aHki ;$aJuva :$bWSOY,$c1988$e(Porvoo)
=300  \\$a206 s. :$bkuvitettu ;$c22 cm
=336  \\$ateksti$btxt$2rdacontent
=337  \\$akäytettävissä ilman laitetta$bn$2rdamedia
=338  \\$anide$bnc$2rdacarrier
=650  \7$amuistelmat$2yso/fin$0http://www.yso.fi/onto/yso/p8111
=700  1\$aIkäläinen, Topi,$evalokuvaaja.
=700  1\$aKarjalainen, Elina$d(1927-2006)$etoimittaja.$0(FIN11)000046856$1http://viaf.org/viaf/49896608
=995  \\$aKansalliskirjasto

