=LDR  01147cam a2200325zi 4500
=001  f000035527
=005  20190703163642.0
=008  890207s1989^^^^fi^||||||||||||||||afin||
=015  \\$afx41845$2skl
=020  \\$a951-0-15107-6$qsidottu
=035  \\$a(FI-FENNI)41845
=035  \\$a(FI-MELINDA)000035527
=040  \\$aFI-NL
=041  1\$afin$heng
=042  \\$afinb
=080  \\$a929 Scotson$21974/fin/fennica
=084  \\$a99.1$2ykl
=100  1\$aScotson, Linda.
=240  10$aDoran : child of courage
=245  10$aPoikani Doran /$cLinda Scotson ; alkusanat kirj. Jonathan Miller ; suom. Leevi Lehto.
=260  \\$aPorvoo ;$aHki ;$aJuva :$bWSOY,$c1989$e(Juva)
=300  \\$a349 s., [8] kuvasivua :$bkuvitettu ;$c21 cm
=336  \\$ateksti$btxt$2rdacontent
=337  \\$akäytettävissä ilman laitetta$bn$2rdamedia
=338  \\$anide$bnc$2rdacarrier
=650  \7$aaivovammaiset$2yso/fin$0http://www.yso.fi/onto/yso/p19985
=650  \7$amuistelmat$2yso/fin$0http://www.yso.fi/onto/yso/p8111
=700  1\$aLehto, Leevi$d(1951-2019)$0(FIN11)000050361$1http://viaf.org/viaf/315232281
=700  1\$aMiller, Jonathan.
=995  \\$aKansalliskirjasto

