=LDR  01114cam a2200337zi 4500
=001  f000035547
=005  20190703163650.0
=008  881220s1988^^^^fi^||||||||||||||||afin||
=015  \\$afx42091$2skl
=020  \\$a951-0-15413-X$qsidottu
=035  \\$a(FI-FENNI)42091
=035  \\$a(FI-MELINDA)000035547
=040  \\$aFI-NL
=041  0\$afin
=042  \\$afinb
=080  \\$a929 Aalto$21974/fin/fennica
=084  \\$a99.12$2ykl
=100  1\$aAalto, Arvo$0(FIN11)000039705
=245  10$aElämäni miljoonat /$cArvo Aalto.
=260  \\$aPorvoo ;$aHki ;$aJuva :$bWSOY,$c1988$e(Juva)
=300  \\$a283, [1] s., [16] kuvasivua :$bkuvitettu ;$c22 cm
=336  \\$ateksti$btxt$2rdacontent
=337  \\$akäytettävissä ilman laitetta$bn$2rdamedia
=338  \\$anide$bnc$2rdacarrier
=500  \\$a2. p. 1988
=500  \\$aLisäpainokset: 2. p. 1988.
=600  14$aAalto, Arvo$0(FIN11)000039705
=650  \7$amuistelmat$2yso/fin$0http://www.yso.fi/onto/yso/p8111
=650  \7$apoliitikot$2yso/fin$0http://www.yso.fi/onto/yso/p3182
=700  1\$aAalto, Arvo$0(FIN11)000039705
=995  \\$aKansalliskirjasto$bHist$5ARTO

