=LDR  01681cam a2200409zi 4500
=001  f000035555
=005  20190703163652.0
=008  890314s1989^^^^fi^|||||||||||||||||fin||
=015  \\$afx42208$2skl
=020  \\$a951-0-15548-9$qsidottu
=035  \\$a(FI-FENNI)42208
=035  \\$a(FI-MELINDA)000035555
=040  \\$aFI-NL
=041  0\$afin
=042  \\$afinb
=080  \\$a008$21974/fin/fennica
=080  \\$a308$21974/fin/fennica
=084  \\$a47.15$2ykl
=245  00$aNeljä päivää Virossa :$bkulttuurimatkailijan kirja /$ctoim. Eva Lille ja Juhani Salokannel.
=260  \\$aPorvoo ;$aHki ;$aJuva :$bWSOY,$c1989$e(Juva)
=300  \\$a238, [1] s., [16] kuvasivua :$bkuvitettu ;$c22 cm
=336  \\$ateksti$btxt$2rdacontent
=337  \\$akäytettävissä ilman laitetta$bn$2rdamedia
=338  \\$anide$bnc$2rdacarrier
=600  14$aErnesaks, Gustav.
=600  14$aKross, Jaan.
=650  \7$aelokuvataide$2yso/fin$0http://www.yso.fi/onto/yso/p16327
=650  \7$akirjallisuus$2yso/fin$0http://www.yso.fi/onto/yso/p8113
=650  \7$akulttuurielämä$2yso/fin$0http://www.yso.fi/onto/yso/p4023
=650  \7$amatkailu$2yso/fin$0http://www.yso.fi/onto/yso/p3917
=650  \7$amusiikki$2yso/fin$0http://www.yso.fi/onto/yso/p1808
=650  \7$ateatteritaide$2yso/fin$0http://www.yso.fi/onto/yso/p2625
=650  \7$aviron kieli$2yso/fin$0http://www.yso.fi/onto/yso/p15445
=651  \7$aViro$2yso/fin$0http://www.yso.fi/onto/yso/p104987
=700  1\$aLille, Eva$d(1941- )$etoimittaja.$0(FIN11)000050851$1http://viaf.org/viaf/126643
=700  1\$aSalokannel, Juhani$d(1946- )$etoimittaja.$0(FIN11)000058140$1http://viaf.org/viaf/17304315
=995  \\$aKansalliskirjasto

