=LDR  01345cam a2200361zi 4500
=001  f000035571
=005  20190703163702.0
=008  890711s1989^^^^fi^||||||||||||||||afin||
=015  \\$afx42277$2skl
=020  \\$a951-0-15633-7$qsidottu
=035  \\$a(FI-FENNI)42277
=035  \\$a(FI-MELINDA)000035571
=040  \\$aFI-NL
=041  1\$afin$hswe
=042  \\$afinb
=080  \\$a929 Ruin$21974/fin/fennica
=084  \\$a99.1$2ykl
=100  1\$aRuin, Olof.
=240  10$aSpänningar
=240  10$aSpänningar : Finland speglat i en familj
=245  10$aJännitteitä :$bSuomi erään suvun vaiheissa /$cOlof Ruin ; suom. Marja-Liisa Koivulehto.
=260  \\$aPorvoo ;$aHki ;$aJuva :$bWSOY,$c1989$e(Juva)
=300  \\$a209, [1] s., [8] kuvasivua :$bkuvitettu ;$c22 cm
=336  \\$ateksti$btxt$2rdacontent
=337  \\$akäytettävissä ilman laitetta$bn$2rdamedia
=338  \\$anide$bnc$2rdacarrier
=600  14$aRuin, Hans$d(1891-1980)$0(FIN11)000057291$1http://viaf.org/viaf/55208341
=600  14$aRuin, Olof.
=650  \7$akirjailijat$2yso/fin$0http://www.yso.fi/onto/yso/p8970
=650  \7$amuistelmat$2yso/fin$0http://www.yso.fi/onto/yso/p8111
=650  \7$asuomenruotsalaiset$2yso/fin$0http://www.yso.fi/onto/yso/p3418
=700  1\$aKoivulehto, Marja-Liisa$1http://viaf.org/viaf/45850239
=995  \\$aKansalliskirjasto$bHist$5ARTO

