=LDR  01081cam a2200313zi 4500
=001  f000035601
=005  20190703163715.0
=008  900120s1989^^^^fi^||||||||||||||||afin||
=015  \\$afx42565$2skl
=020  \\$a951-0-16061-X$qsidottu
=035  \\$a(FI-FENNI)42565
=035  \\$a(FI-MELINDA)000035601
=040  \\$aFI-NL
=041  0\$afin
=042  \\$afinb
=080  \\$a929 Ekström$21974/fin/fennica
=084  \\$a99.12$2ykl
=100  1\$aEkström, Teuvo,$d1929-1988.$0(FIN11)000041882
=245  10$aTuomio :$b40 kalterivuotta /$cTeuvo Ekström.
=260  \\$aPorvoo ;$aHki ;$aJuva :$bWSOY,$c1989$e(Juva)
=300  \\$a360, [2] s. ;$c21 cm
=336  \\$ateksti$btxt$2rdacontent
=337  \\$akäytettävissä ilman laitetta$bn$2rdamedia
=338  \\$anide$bnc$2rdacarrier
=600  14$aEkström, Teuvo,$d1929-1988.$0(FIN11)000041882
=650  \7$amuistelmat$2yso/fin$0http://www.yso.fi/onto/yso/p8111
=650  \7$arangaistuslaitokset$2yso/fin$0http://www.yso.fi/onto/yso/p11054
=650  \7$avankeus$2yso/fin$0http://www.yso.fi/onto/yso/p6973
=995  \\$aKansalliskirjasto

