=LDR  01081cam a2200325zi 4500
=001  f000035603
=005  20190703163716.0
=008  891220s1989^^^^fi^||||||||||||||||afin||
=015  \\$afx42572$2skl
=020  \\$a951-0-16070-9$qsidottu
=035  \\$a(FI-FENNI)42572
=035  \\$a(FI-MELINDA)000035603
=040  \\$aFI-NL
=041  0\$afin
=042  \\$afinb
=080  \\$a929 Samulin$21974/fin/fennica
=084  \\$a99.1$2ykl
=100  1\$aSamulin, Aira$0(FIN11)000058258
=245  10$aAuringonpimennys /$cAira Samulin ; toim. Soile Eskelinen.
=260  \\$aPorvoo ;$aHki ;$aJuva :$bWSOY,$c1989$e(Juva)
=300  \\$a341, [1] s., [16] kuvasivua :$bkuvitettu ;$c21 cm
=336  \\$ateksti$btxt$2rdacontent
=337  \\$akäytettävissä ilman laitetta$bn$2rdamedia
=338  \\$anide$bnc$2rdacarrier
=500  \\$aLisäpainokset: 2. p. 1999.
=500  \\$aLisäpainokset: 2. uppl. 1999.
=600  14$aSamulin, Aira$0(FIN11)000058258
=650  \7$amuistelmat$2yso/fin$0http://www.yso.fi/onto/yso/p8111
=700  1\$aEskelinen, Soile$ekirjoittaja.
=995  \\$aKansalliskirjasto

