=LDR  01155cam a2200349zi 4500
=001  f000035614
=005  20190703163720.0
=008  901126s1990^^^^fi^||||||||||||||||afin||
=015  \\$afx195917$2skl
=020  \\$a951-0-16604-9$qsidottu
=035  \\$a(FI-FENNI)195917
=035  \\$a(FI-MELINDA)000035614
=040  \\$aFI-NL
=041  0\$afin
=042  \\$afinb
=080  \\$a929 Laine$21974/fin/fennica
=084  \\$a99.12$2ykl
=100  1\$aLaine, Terttu$0(FIN11)000068686
=245  10$aElämän kokoinen kumppanuus /$cTerttu ja Jermu Laine.
=260  \\$aPorvoo ;$aHelsinki ;$aJuva :$bWSOY,$c1990$e(Juva)
=300  \\$a348, [1] s., [24] kuvasivua :$bkuvitettu ;$c23 cm
=336  \\$ateksti$btxt$2rdacontent
=337  \\$akäytettävissä ilman laitetta$bn$2rdamedia
=338  \\$anide$bnc$2rdacarrier
=500  \\$a2. P. 1990
=500  \\$aLisäpainokset: 2. p. 1990.
=590  \\$a2. uppl. 1990
=600  14$aLaine, Jermu$0(FIN11)000049704
=600  14$aLaine, Terttu$0(FIN11)000068686
=650  \7$amuistelmat$2yso/fin$0http://www.yso.fi/onto/yso/p8111
=700  1\$aLaine, Jermu$ekirjoittaja.$0(FIN11)000049704
=995  \\$aKansalliskirjasto

