=LDR  01420cam a2200349zi 4500
=001  f000035992
=005  20190820184450.0
=008  871109s1987^^^^fi^||||||||||||||||afin||
=015  \\$afx47939$2skl
=020  \\$a951-1-09289-8$qsidottu
=024  3\$a9789511092896
=035  \\$a(FI-FENNI)47939
=035  \\$a(FI-MELINDA)000035992
=040  \\$aFI-NL
=041  0\$afin
=042  \\$afinb
=080  \\$a75$21974/fin/fennica
=080  \\$a929 Kaira$21974/fin/fennica
=100  1\$aLaulajainen, Leena$d(1939-2017)$0(FIN11)000050106$1http://viaf.org/viaf/11895207
=245  10$aAlice Kairan maailma /$cLeena Laulajainen ; [valokuvat: Matti Ruotsalainen, ...Mikko Hietaharju].
=260  \\$aHelsingissä [Hki] :$bOtava,$c1987$e(Keuruu)
=300  \\$a154 sivua :$bkuvitettu ;$c27 cm
=336  \\$ateksti$btxt$2rdacontent
=337  \\$akäytettävissä ilman laitetta$bn$2rdamedia
=338  \\$anide$bnc$2rdacarrier
=500  \\$aS. 52-123: "Elämäni on ollut taiteeni käyttövoima" kirj. taiteilijan suullisesta kertomuksesta.
=600  14$aKaira, Alice$d(1913- )$0(FIN11)000046373$1http://viaf.org/viaf/69727447
=650  \7$amuistelmat$2yso/fin$0http://www.yso.fi/onto/yso/p8111
=650  \7$ataidemaalarit$2yso/fin$0http://www.yso.fi/onto/yso/p16021
=700  1\$aKaira, Alice$d(1913- )$0(FIN11)000046373$1http://viaf.org/viaf/69727447
=700  1\$aRuotsalainen, Matti.
=995  \\$aKansalliskirjasto$bHist$5ARTO

