=LDR  01267cam a2200349zi 4500
=001  f000035994
=005  20190703163914.0
=008  871214s1987^^^^fi^||||||||||||||||afin||
=015  \\$afx47967$2skl
=020  \\$a951-1-09321-5$qsidottu
=035  \\$a(FI-FENNI)47967
=035  \\$a(FI-MELINDA)000035994
=040  \\$aFI-NL
=041  1\$afin$heng
=042  \\$afinb
=080  \\$a929 Adamson$21974/fin/fennica
=100  1\$aAdamson, George.
=240  10$aMy pride and joy
=245  10$aElämäni Afrikka /$cGeorge Adamson ; suom. Paula Karlsson.
=260  \\$aHelsingissä [Hki] :$bOtava,$c1987$e(Keuruu)
=300  \\$a326 s., [16] kuvasivua :$bkuvitettu, karttoja ;$c25 cm
=336  \\$ateksti$btxt$2rdacontent
=337  \\$akäytettävissä ilman laitetta$bn$2rdamedia
=338  \\$anide$bnc$2rdacarrier
=500  \\$aLisäpainokset: [Lisäp.) 1988.
=500  \\$a[lisäp.) 1988
=600  14$aAdamson, George,$d1906-1989
=650  \7$aluonto$2yso/fin$0http://www.yso.fi/onto/yso/p13084
=650  \7$amuistelmat$2yso/fin$0http://www.yso.fi/onto/yso/p8111
=651  \7$aAfrikka$2yso/fin$0http://www.yso.fi/onto/yso/p94080
=700  1\$aKarlsson, Paula$ekääntäjä.$0(FIN11)000068324$1http://viaf.org/viaf/9441149068599965730000
=995  \\$aKansalliskirjasto

