=LDR  01182cam a2200313zi 4500
=001  f000035997
=005  20190717090005.0
=008  871109s1987^^^^fi^||||||||||||||||afin||
=015  \\$afx47993$2skl
=020  \\$a951-1-09352-5$qsidottu
=035  \\$a(FI-FENNI)47993
=035  \\$a(FI-MELINDA)000035997
=040  \\$aFI-NL
=041  0\$afin
=042  \\$afinb
=080  \\$a929 Liana Kaarina$21974/fin/fennica
=100  0\$aKaarina, Liana$0(FIN11)000097099$1http://viaf.org/viaf/34467933
=245  10$a12857 /$cLiana Kaarina.
=260  \\$aHelsingissä [Hki] :$bOtava,$c1987$e(Keuruu)
=300  \\$a244 s., [32] kuvasivua :$bkuvitettu ;$c23 cm
=336  \\$ateksti$btxt$2rdacontent
=337  \\$akäytettävissä ilman laitetta$bn$2rdamedia
=338  \\$anide$bnc$2rdacarrier
=500  \\$aOsa painoksesta jaettu Suuren suomalaisen kirjakerhon kautta.
=600  04$aKaarina, Liana$0(FIN11)000097099$1http://viaf.org/viaf/34467933
=650  \7$aelokuvanäyttelijät$2yso/fin$0http://www.yso.fi/onto/yso/p16553
=650  \7$amuistelmat$2yso/fin$0http://www.yso.fi/onto/yso/p8111
=740  0\$aKaksitoistatuhatta kahdeksansataaviisikymmentäseitsemän.
=995  \\$aKansalliskirjasto

