=LDR  00969cam a2200313zi 4500
=001  f000036018
=005  20190703163925.0
=008  881011s1988^^^^fi^||||||||||||||||afin||
=015  \\$afx48221$2skl
=020  \\$a951-1-09645-1$qsidottu
=035  \\$a(FI-FENNI)48221
=035  \\$a(FI-MELINDA)000036018
=040  \\$aFI-NL
=041  1\$afin$heng
=042  \\$afinb
=080  \\$a929 Markham$21974/fin/fennica
=084  \\$a99.1$2ykl
=100  1\$aMarkham, Beryl.
=240  10$aWest with the night
=245  10$aYön yli länteen /$cBeryl Markham ; suom. Liisa Paakkanen.
=260  \\$aHelsingissä [Hki] :$bOtava,$c1988$e(Keuruu)
=300  \\$a337 s. ;$c21 cm
=336  \\$ateksti$btxt$2rdacontent
=337  \\$akäytettävissä ilman laitetta$bn$2rdamedia
=338  \\$anide$bnc$2rdacarrier
=600  14$aMarkham, Beryl.
=650  \7$amuistelmat$2yso/fin$0http://www.yso.fi/onto/yso/p8111
=700  1\$aPaakkanen, Liisa,$ekääntäjä.
=995  \\$aKansalliskirjasto

