=LDR  01255cam a2200325zi 4500
=001  f000036059
=005  20190703163940.0
=008  881220s1988^^^^fi^||||||||||||||||afin||
=015  \\$afx48741$2skl
=020  \\$a951-1-10295-8$qsidottu
=035  \\$a(FI-FENNI)48741
=035  \\$a(FI-MELINDA)000036059
=040  \\$aFI-NL
=041  0\$afin
=042  \\$afinb
=080  \\$a929 Niinivaara$21974/fin/fennica
=084  \\$a99.12$2ykl
=100  1\$aNiinivaara, Eeva$d(1901-2000)$0(FIN11)000053448$1http://viaf.org/viaf/72920351
=245  10$aYhä paistaa sama aurinko :$belämää nuoruuteni Eestissä ja Suomessa /$cEeva Niinivaara ; toim. Hannu-Pekka Lappalainen.
=260  \\$aHelsingissä [Hki] :$bOtava,$c1988$e(Keuruu)
=300  \\$a201 s., [32] kuvasivua :$bkuvitettu, karttoja ;$c21 cm
=336  \\$ateksti$btxt$2rdacontent
=337  \\$akäytettävissä ilman laitetta$bn$2rdamedia
=338  \\$anide$bnc$2rdacarrier
=500  \\$aKartt. kansien suojalehdillä.
=600  14$aNiinivaara, Eeva$d(1901-2000)$0(FIN11)000053448$1http://viaf.org/viaf/72920351
=650  \7$amuistelmat$2yso/fin$0http://www.yso.fi/onto/yso/p8111
=700  1\$aLappalainen, Hannu-Pekka,$etoimittaja.
=901  \\$bSISKUV$c20190423182041.0
=995  \\$aKansalliskirjasto

