=LDR  01167cam a2200325zi 4500
=001  f000036085
=005  20190703163955.0
=008  891114s1989^^^^fi^|||||||||||||||||fin||
=015  \\$afx49026$2skl
=020  \\$a951-1-10835-2$qsidottu
=035  \\$a(FI-FENNI)49026
=035  \\$a(FI-MELINDA)000036085
=040  \\$aFI-NL
=041  0\$afin
=042  \\$afinb
=080  \\$a908 Helsinki$21974/fin/fennica
=080  \\$a929$21974/fin/fennica
=084  \\$a92.833$2ykl
=245  00$aMinun Helsinkini /$ctoim. Salme Saure.
=260  \\$aHelsingissä [Hki] :$bOtava,$c1989$e(Keuruu)
=300  \\$a256 s. :$bkuvitettu ;$c25 cm
=336  \\$ateksti$btxt$2rdacontent
=337  \\$akäytettävissä ilman laitetta$bn$2rdamedia
=338  \\$anide$bnc$2rdacarrier
=650  \7$ahistoria$2yso/fin$0http://www.yso.fi/onto/yso/p1780
=650  \7$amuistelmat$2yso/fin$0http://www.yso.fi/onto/yso/p8111
=650  \7$apaikallishistoriat (historiikit)$2yso/fin$0http://www.yso.fi/onto/yso/p1779
=651  \7$aHelsinki$2yso/fin$0http://www.yso.fi/onto/yso/p94137
=700  1\$aSaure, Salme$0(FIN11)000058504$1http://viaf.org/viaf/48124873
=995  \\$aKansalliskirjasto$bHist$5ARTO

