=LDR  01350cam a2200337zi 4500
=001  f000036229
=005  20190703164030.0
=008  871109s1987^^^^fi^|||||||||||||||||fin||
=015  \\$afx50404$2skl
=020  \\$a951-20-2918-9$qsidottu
=035  \\$a(FI-FENNI)50404
=035  \\$a(FI-MELINDA)000036229
=040  \\$aFI-NL
=041  0\$afin
=042  \\$afinb
=080  \\$a929 Sariola$21974/fin/fennica
=100  1\$aSariola, Mauri$d(1924-1985)$0(FIN11)000058397$1http://viaf.org/viaf/2452271
=245  10$aMauri Sariolan päiväkirja :$b1970-1985 : hyvästi, Sammatin kuu /$ctoim. Reijo Ikävalko.
=260  \\$aJyväskylä ;$aHki :$bGummerus,$c1987$e(Jyväskylä)
=300  \\$a256 s., [48] kuvasivua :$bkuvitettu ;$c25 cm
=336  \\$ateksti$btxt$2rdacontent
=337  \\$akäytettävissä ilman laitetta$bn$2rdamedia
=338  \\$anide$bnc$2rdacarrier
=600  14$aSariola, Mauri$d(1924-1985)$0(FIN11)000058397$1http://viaf.org/viaf/2452271
=650  \7$akirjailijat$2yso/fin$0http://www.yso.fi/onto/yso/p8970
=650  \7$apäiväkirjat$2yso/fin$0http://www.yso.fi/onto/yso/p2717
=650  \7$aDiary$2ELB-g
=700  1\$aIkävalko, Reijo$etoimittaja.$0(FIN11)000068003$1http://viaf.org/viaf/155149294364780522370
=710  2\$aGummerus$1http://viaf.org/viaf/208790186
=740  0\$aHyvästi, Sammatin kuu.
=995  \\$aKansalliskirjasto

