=LDR  01248cam a2200337zi 4500
=001  f000036275
=005  20190703164053.0
=008  891114s1989^^^^fi^||||||||||||||||afin||
=015  \\$afx50723$2skl
=020  \\$a951-20-3524-3$qsidottu
=035  \\$a(FI-FENNI)50723
=035  \\$a(FI-MELINDA)000036275
=040  \\$aFI-NL
=041  1\$afin$hswe
=042  \\$afinb
=080  \\$a929 Kumenius$21974/fin/fennica
=084  \\$a99.1$2ykl
=100  1\$aKumenius, Otto$1http://viaf.org/viaf/65527591
=240  10$aKontraspion för fem nationer
=245  10$aVastavakooja /$cOtto Kumenius ; suom. Seppo Heikinheimo.
=260  \\$aJyväskylä ;$aHki :$bGummerus,$c1989$e(Jyväskylä)
=300  \\$a286 s. ;$c22 cm
=336  \\$ateksti$btxt$2rdacontent
=337  \\$akäytettävissä ilman laitetta$bn$2rdamedia
=338  \\$anide$bnc$2rdacarrier
=650  \7$amuistelmat$2yso/fin$0http://www.yso.fi/onto/yso/p8111
=650  \7$atiedustelupalvelut$2yso/fin$0http://www.yso.fi/onto/yso/p4083
=650  \7$avakoilu$2yso/fin$0http://www.yso.fi/onto/yso/p4086
=700  1\$aHeikinheimo, Seppo$d(1938-1997)$ekääntäjä.$0(FIN11)000043512$1http://viaf.org/viaf/17201401
=710  2\$aGummerus$1http://viaf.org/viaf/208790186
=995  \\$aKansalliskirjasto

