=LDR  01069cam a2200301zi 4500
=001  f000036464
=005  20190703164147.0
=008  861215s1986^^^^fi^||||||||||||||||afin||
=015  \\$afx51830$2skl
=020  \\$a951-23-2310-9$qsidottu
=035  \\$a(FI-FENNI)51830
=035  \\$a(FI-MELINDA)000036464
=040  \\$aFI-NL
=041  0\$afin
=042  \\$afinb
=080  \\$a929 Polva$21974/fin/fennica
=100  1\$aPolva, Anni$d(1915-2003)$0(FIN11)000067448$1http://viaf.org/viaf/4866149108583668780009
=245  10$aKun olin pieni /$cAnni Polva.
=260  \\$aHämeenlinna :$bKaristo,$c1986.
=300  \\$a174 s., [4] kuvasivua :$bkuvitettu ;$c21 cm
=336  \\$ateksti$btxt$2rdacontent
=337  \\$akäytettävissä ilman laitetta$bn$2rdamedia
=338  \\$anide$bnc$2rdacarrier
=500  \\$aAnni Polvan lapsuusmuistoja; jatko-osa: 'Hyvästi lapsuus'.
=650  \7$akirjailijat$2yso/fin$0http://www.yso.fi/onto/yso/p8970
=650  \7$amuistelmat$2yso/fin$0http://www.yso.fi/onto/yso/p8111
=900  1\$aPolviander, Anni$yPolva, Anni
=995  \\$aKansalliskirjasto

