=LDR  01286cam a2200349zi 4500
=001  f000036636
=005  20190703164247.0
=008  880210s1987^^^^fi^||||||||||||||||afin||
=015  \\$afx53758$2skl
=020  \\$a951-26-2754-X$qsidottu
=035  \\$a(FI-FENNI)53758
=035  \\$a(FI-MELINDA)000036636
=040  \\$aFI-NL
=041  1\$afin$hswe
=042  \\$afinb
=080  \\$a929 Zilliacus$21974/fin/fennica
=100  1\$aZilliacus, Benedict$d(1921-2013)$0(FIN11)000063736$1http://viaf.org/viaf/79075630
=240  10$aBergets skugga
=245  10$aVuoren varjo /$cBenedict Zilliacus ; suom. Anna Salo.
=260  \\$aHki :$bKirjayhtymä,$c1987$e(Hämeenlinna :$fKaristo)
=300  \\$a261, [1] s. ;$c21 cm
=336  \\$ateksti$btxt$2rdacontent
=337  \\$akäytettävissä ilman laitetta$bn$2rdamedia
=338  \\$anide$bnc$2rdacarrier
=500  \\$a2. p. 1991
=500  \\$aLisäpainokset: 2. p. 1991.
=600  14$aZilliacus, Benedict$d(1921-2013)$0(FIN11)000063736$1http://viaf.org/viaf/79075630
=650  \7$amuistelmat$2yso/fin$0http://www.yso.fi/onto/yso/p8111
=700  1\$aSalo, Anna,$ekääntäjä.$0(FIN11)000110317
=710  2\$aKirjayhtymä$1http://viaf.org/viaf/129054435
=900  0s$aBEZ,$uZilliacus, Benedict., 1921-
=995  \\$aKansalliskirjasto$bHist$5ARTO

