=LDR  01107cam a2200289zi 4500
=001  f000036644
=005  20190703164250.0
=008  880316s1987^^^^fi^||||||||||||||||afin||
=015  \\$afx53808$2skl
=020  \\$a951-26-2808-2$qsidottu
=035  \\$a(FI-FENNI)53808
=035  \\$a(FI-MELINDA)000036644
=040  \\$aFI-NL
=041  0\$afin
=042  \\$afinb
=080  \\$a929 Alanen$21974/fin/fennica
=100  1\$aAlanen, Aulis J$d(1906-1987)$0(FIN11)000040246$1http://viaf.org/viaf/64444509
=245  10$aPerinteitä ja paljastuksia :$btarinaa Alasista ja muistakin /$cAulis J. Alanen.
=260  \\$aHki :$bKirjayhtymä,$c1987$e(Vaasa :$fVaasa oy)
=300  \\$a351, [1] s., [32] kuvasivua :$bkuvitettu ;$c21 cm
=336  \\$ateksti$btxt$2rdacontent
=337  \\$akäytettävissä ilman laitetta$bn$2rdamedia
=338  \\$anide$bnc$2rdacarrier
=600  14$aAlanen, Aulis J$d(1906-1987)$0(FIN11)000040246$1http://viaf.org/viaf/64444509
=650  \7$amuistelmat$2yso/fin$0http://www.yso.fi/onto/yso/p8111
=710  2\$aKirjayhtymä$1http://viaf.org/viaf/129054435
=995  \\$aKansalliskirjasto$bHist$5ARTO

