=LDR  01087cam a2200313zi 4500
=001  f000036646
=005  20190703164250.0
=008  881220s1988^^^^fi^||||||||||||||||afin||
=015  \\$afx53819$2skl
=020  \\$a951-26-2819-8$qsidottu
=035  \\$a(FI-FENNI)53819
=035  \\$a(FI-MELINDA)000036646
=040  \\$aFI-NL
=041  0\$afin
=042  \\$afinb
=080  \\$a929 Tupala$21974/fin/fennica
=084  \\$a99.12$2ykl
=100  1\$aTupala, Terttu$0(FIN11)000061447
=245  10$aOi minne loittonitte päivät :$bmuistelmia elämästä, koulusta, elämänkoulusta /$cTerttu Tupala.
=260  \\$aHki :$bKirjayhtymä,$c1988$e(Jyväskylä :$fGummerus)
=300  \\$a319 s. :$bkuvitettu ;$c22 cm
=336  \\$ateksti$btxt$2rdacontent
=337  \\$akäytettävissä ilman laitetta$bn$2rdamedia
=338  \\$anide$bnc$2rdacarrier
=600  14$aTupala, Terttu$0(FIN11)000061447
=650  \7$amuistelmat$2yso/fin$0http://www.yso.fi/onto/yso/p8111
=700  1\$aTupala, Terttu$0(FIN11)000061447
=710  2\$aKirjayhtymä$1http://viaf.org/viaf/129054435
=995  \\$aKansalliskirjasto

