=LDR  01336cam a2200373zi 4500
=001  f000036679
=005  20190703164306.0
=008  880712s1988^^^^fi^||||||||||||||||afin||
=015  \\$afx54103$2skl
=020  \\$a951-26-3208-X$qsidottu
=035  \\$a(FI-FENNI)54103
=035  \\$a(FI-MELINDA)000036679
=040  \\$aFI-NL
=041  1\$afin$heng
=042  \\$afinb
=080  \\$a793/794$21974/fin/fennica
=080  \\$a794.1$21974/fin/fennica
=080  \\$a929 Kasparov$21974/fin/fennica
=084  \\$a79.81$2ykl
=100  1\$aKasparov, Garri.
=240  10$aChild of change
=245  10$aMaailmanmestari /$cGarri Kasparov ; suom. Seppo Heikinheimo ; [runot suom. Marina Martinoff].
=260  \\$aHki :$bKirjayhtymä,$c1988$e(Jyväskylä :$fGummerus)
=300  \\$a327, [1] s., [16] kuvasivua :$bkuvitettu ;$c22 cm
=336  \\$ateksti$btxt$2rdacontent
=337  \\$akäytettävissä ilman laitetta$bn$2rdamedia
=338  \\$anide$bnc$2rdacarrier
=600  14$aKasparov, Garri.
=650  \7$amuistelmat$2yso/fin$0http://www.yso.fi/onto/yso/p8111
=650  \7$ashakki$2yso/fin$0http://www.yso.fi/onto/yso/p2757
=700  1\$aHeikinheimo, Seppo$d(1938-1997)$0(FIN11)000043512$1http://viaf.org/viaf/17201401
=700  1\$aTreford, Donald.
=710  2\$aKirjayhtymä$1http://viaf.org/viaf/129054435
=995  \\$aKansalliskirjasto

