=LDR  01267cam a22003495i 4500
=001  f000036680
=005  20190703164306.0
=008  881011s1988^^^^fi^|||||||||||||||||fin||
=015  \\$afx54104$2skl
=020  \\$a951-26-3209-8$qsidottu
=035  \\$a(FI-FENNI)54104
=035  \\$a(FI-MELINDA)000036680
=040  \\$aFI-NL
=041  0\$afin
=042  \\$afinb
=080  \\$a915$21974/fin/fennica
=084  \\$a48.172$2ykl
=100  1\$aOstroumov, Sergei.
=245  10$aBaikalilta Burjatiaan /$cSergei Ostroumov, Seppo Sarlund.
=260  \\$aHki :$bKirjayhtymä,$c1988$e(Hämeenlinna :$fKaristo)
=300  \\$a144 s., [12] kuvasivua :$bkuvitettu ;$c22 cm
=336  \\$ateksti$btxt$2rdacontent
=337  \\$akäytettävissä ilman laitetta$bn$2rdamedia
=338  \\$anide$bnc$2rdacarrier
=500  \\$aAlkusanat: ulkoasiainministeri Kalevi Sorsa.
=650  \7$amatkakertomukset$2yso/fin$0http://www.yso.fi/onto/yso/p5977
=651  \7$aNeuvostoliitto$2yso/fin$0http://www.yso.fi/onto/yso/p94304
=651  \7$aSiperia$2yso/fin$0http://www.yso.fi/onto/yso/p106721
=700  1\$aOstroumov, Sergei.
=700  1\$aSarlund, Seppo$0(FIN11)000058433$1http://viaf.org/viaf/51191033
=710  2\$aKirjayhtymä$1http://viaf.org/viaf/129054435
=995  \\$aKansalliskirjasto

