=LDR  01034cam a2200313zi 4500
=001  f000036684
=005  20190703164308.0
=008  881220s1988^^^^fi^||||||||||||||||afin||
=015  \\$afx54135$2skl
=020  \\$a951-26-3263-2$qsidottu
=035  \\$a(FI-FENNI)54135
=035  \\$a(FI-MELINDA)000036684
=040  \\$aFI-NL
=041  0\$afin
=042  \\$afinb
=080  \\$a929 Alppi$21974/fin/fennica
=084  \\$a99.12$2ykl
=100  1\$aAlppi, Ulla-Leena$0(FIN11)000077044
=245  10$aKosketuskohtia /$cUlla-Leena Alppi.
=260  \\$aHki :$bKirjayhtymä,$c1988$e(Hämeenlinna :$fKaristo)
=300  \\$a183 s. ;$c22 cm
=336  \\$ateksti$btxt$2rdacontent
=337  \\$akäytettävissä ilman laitetta$bn$2rdamedia
=338  \\$anide$bnc$2rdacarrier
=600  14$aAlppi, Ulla-Leena$0(FIN11)000077044
=650  \7$amuistelmat$2yso/fin$0http://www.yso.fi/onto/yso/p8111
=650  \7$apoliitikot$2yso/fin$0http://www.yso.fi/onto/yso/p3182
=710  2\$aKirjayhtymä$1http://viaf.org/viaf/129054435
=995  \\$aKansalliskirjasto

