=LDR  01141cam a2200313zi 4500
=001  f000036967
=005  20190703164433.0
=008  861215s1986^^^^fi^||||||||||||||||afin||
=015  \\$afx57902$2skl
=020  \\$a951-30-6559-6$qsidottu
=035  \\$a(FI-FENNI)57902
=035  \\$a(FI-MELINDA)000036967
=040  \\$aFI-NL
=041  0\$afin
=042  \\$afinb
=080  \\$a618$21974/fin/fennica
=080  \\$a929 Valvanne$21974/fin/fennica
=100  1\$aValvanne, Leena,$d1920-2008.$0(FIN11)000062114
=245  10$aRakkautta pyytämättä :$bvaltakunnankätilö muistelee /$cLeena Valvanne.
=260  \\$aHki :$bTammi,$c1986$f(Painokaari)
=300  \\$a328 s., [24] kuvasivua :$bkuvitettu ;$c22 cm
=336  \\$ateksti$btxt$2rdacontent
=337  \\$akäytettävissä ilman laitetta$bn$2rdamedia
=338  \\$anide$bnc$2rdacarrier
=650  \7$akätilöt$2yso/fin$0http://www.yso.fi/onto/yso/p4663
=650  \7$amuistelmat$2yso/fin$0http://www.yso.fi/onto/yso/p8111
=650  \7$asynnytys$2yso/fin$0http://www.yso.fi/onto/yso/p4557
=710  2\$aTammi$1http://viaf.org/viaf/4099149844953702960007
=995  \\$aKansalliskirjasto$bHist$5ARTO

