=LDR  01139cam a2200313zi 4500
=001  f000036990
=005  20190703164441.0
=008  880316s1987^^^^fi^||||||||||||||||afin||
=015  \\$afx58064$2skl
=020  \\$a951-30-6815-3$qsidottu
=035  \\$a(FI-FENNI)58064
=035  \\$a(FI-MELINDA)000036990
=040  \\$aFI-NL
=041  0\$afin
=042  \\$afinb
=080  \\$a908 Karjala$21974/fin/fennica
=080  \\$a929 Veltheim$21974/fin/fennica
=100  1\$aVeltheim, Katri$d(1918-2011)$0(FIN11)000062360$1http://viaf.org/viaf/29575604
=245  10$aKannaksen teillä /$cKatri Veltheim.
=260  \\$aHki :$bTammi,$c1987$f(Painokaari)
=300  \\$a229 s. :$bkuvitettu, karttoja ;$c22 cm
=336  \\$ateksti$btxt$2rdacontent
=337  \\$akäytettävissä ilman laitetta$bn$2rdamedia
=338  \\$anide$bnc$2rdacarrier
=500  \\$aKartt. kansien suojalehdillä.
=600  14$aVeltheim, Katri$d(1918-2011)$0(FIN11)000062360$1http://viaf.org/viaf/29575604
=650  \7$amuistelmat$2yso/fin$0http://www.yso.fi/onto/yso/p8111
=710  2\$aTammi$1http://viaf.org/viaf/4099149844953702960007
=995  \\$aKansalliskirjasto$bHist$5ARTO

