=LDR  01212cam a2200373zi 4500
=001  f000037013
=005  20190703164448.0
=008  881117s1988^^^^fi^||||||||||||||||afin||
=015  \\$afx58221$2skl
=020  \\$a951-30-7049-2$qsidottu
=035  \\$a(FI-FENNI)58221
=035  \\$a(FI-MELINDA)000037013
=040  \\$aFI-NL
=041  0\$afin
=042  \\$afinb
=080  \\$a616$21974/fin/fennica
=080  \\$a616.379$x-008.64$21974/fin/fennica
=080  \\$a929 Tähtinen$21974/fin/fennica
=084  \\$a59.53$2ykl
=100  1\$aTähtinen, Pia$0(FIN11)000061621
=245  10$aDiabeetikon tarina /$cPia Tähtinen.
=260  \\$aHki :$bTammi,$c1988$f(Painokaari)
=300  \\$a219, [1] s. ;$c22 cm
=336  \\$ateksti$btxt$2rdacontent
=337  \\$akäytettävissä ilman laitetta$bn$2rdamedia
=338  \\$anide$bnc$2rdacarrier
=500  \\$a2. P. 1988
=500  \\$aLisäpainokset: 2. p. 1988.
=590  \\$a2. uppl. 1988
=600  14$aTähtinen, Pia$0(FIN11)000061621
=650  \7$adiabetes$2yso/fin$0http://www.yso.fi/onto/yso/p8304
=650  \7$amuistelmat$2yso/fin$0http://www.yso.fi/onto/yso/p8111
=710  2\$aTammi$1http://viaf.org/viaf/4099149844953702960007
=995  \\$aKansalliskirjasto

