=LDR  00988cam a2200313zi 4500
=001  f000037023
=005  20190703164451.0
=008  881220s1988^^^^fi^||||||||||||||||afin||
=015  \\$afx58277$2skl
=020  \\$a951-30-8951-7$qsidottu
=035  \\$a(FI-FENNI)58277
=035  \\$a(FI-MELINDA)000037023
=040  \\$aFI-NL
=041  0\$afin
=042  \\$afinb
=080  \\$a929 Altonen$21974/fin/fennica
=084  \\$a99.12$2ykl
=100  1\$aAltonen, Janne.
=245  10$aUppsalan unia /$cJanne Altonen ; toim. Timo Tarmio.
=260  \\$aHki :$bTammi,$c1988$e(Hämeenlinna :$fKaristo)
=300  \\$a128 s. ;$c22 cm
=336  \\$ateksti$btxt$2rdacontent
=337  \\$akäytettävissä ilman laitetta$bn$2rdamedia
=338  \\$anide$bnc$2rdacarrier
=600  14$aAltonen, Janne.
=650  \7$amuistelmat$2yso/fin$0http://www.yso.fi/onto/yso/p8111
=700  1\$aTarmio, Timo$0(FIN11)000060607
=710  2\$aTammi$1http://viaf.org/viaf/4099149844953702960007
=995  \\$aKansalliskirjasto

