=LDR  01175cam a2200349zi 4500
=001  f000037024
=005  20190703164452.0
=008  881220s1988^^^^fi^||||||||||||||||afin||
=015  \\$afx58279$2skl
=020  \\$a951-30-8953-3$qsidottu
=035  \\$a(FI-FENNI)58279
=035  \\$a(FI-MELINDA)000037024
=040  \\$aFI-NL
=041  0\$afin
=042  \\$afinb
=080  \\$a355/359$21974/fin/fennica
=080  \\$a929 Laaksonen$21974/fin/fennica
=084  \\$a99.12$2ykl
=100  1\$aLaaksonen, Mikko,$d1927-2006.$0(FIN11)000049501
=245  10$aPunanatsi /$cMikko Laaksonen.
=260  \\$aHki :$bTammi,$c1988$e(Juva :$fWSOY)
=300  \\$a248 s. ;$c22 cm
=336  \\$ateksti$btxt$2rdacontent
=337  \\$akäytettävissä ilman laitetta$bn$2rdamedia
=338  \\$anide$bnc$2rdacarrier
=500  \\$a2.-3. p. 1988
=500  \\$aLisäpainokset: 2.-3. p. 1988.
=600  14$aLaaksonen, Mikko,$d1927-2006.$0(FIN11)000049501
=650  \7$aLapin sota$2yso/fin$0http://www.yso.fi/onto/yso/p8902
=650  \7$amuistelmat$2yso/fin$0http://www.yso.fi/onto/yso/p8111
=710  2\$aTammi$1http://viaf.org/viaf/4099149844953702960007
=995  \\$aKansalliskirjasto$bHist$5ARTO

