=LDR  01584cam a2200409zi 4500
=001  f000037035
=005  20190703164458.0
=008  891114s1989^^^^fi^||||||||||||||||afin||
=015  \\$afx58406$2skl
=020  \\$a951-30-9168-6$qsidottu
=035  \\$a(FI-FENNI)58406
=035  \\$a(FI-MELINDA)000037035
=040  \\$aFI-NL
=041  1\$afin$hswe
=042  \\$afinb
=080  \\$a929 Zilliacus$21974/fin/fennica
=084  \\$a99.12$2ykl
=100  1\$aZilliacus, Jutta$d(1925- )$0(FIN11)000063740$1http://viaf.org/viaf/49266959
=245  10$aToisenlainen lapsuus /$cJutta Zilliacus ; suom. Irmeli Järnefelt.
=260  \\$aHki :$bTammi,$c1989$e(Jyväskylä :$fGummerus)
=300  \\$a255, [1] s., [24] kuvasivua :$bkuvitettu ;$c22 cm
=336  \\$ateksti$btxt$2rdacontent
=337  \\$akäytettävissä ilman laitetta$bn$2rdamedia
=338  \\$anide$bnc$2rdacarrier
=500  \\$a1. uppl. 1989
=500  \\$a2. p. 1989. - 3. p. 1990
=500  \\$aLisäpainokset: 2. p. 1989.
=500  \\$aLisäpainokset: 2. p. 1989. - 3. p. 1990.
=500  \\$aLisäpainokset: 2. painos 1989.
=500  \\$aLisäpainokset: 3. uppl. 1989.
=500  \\$aSuomennos ruots. käsikirjoituksesta.
=500  \\$aSuomennos ruotsinkielisestä käsikirjoituksesta
=600  14$aZilliacus, Jutta$d(1925- )$0(FIN11)000063740$1http://viaf.org/viaf/49266959
=650  \7$amuistelmat$2yso/fin$0http://www.yso.fi/onto/yso/p8111
=700  1\$aJärnefelt, Irmeli$ekääntäjä.$0(FIN11)000068411
=710  2\$aTammi$1http://viaf.org/viaf/4099149844953702960007
=995  \\$aKansalliskirjasto$bHist$5ARTO

