=LDR  01698cam a2200397zi 4500
=001  f000037242
=005  20190703164610.0
=008  880712s1987^^^^fi^||||||||||||||||afin||
=015  \\$afx60721$2skl
=020  \\$a951-35-4059-6$qsidottu
=035  \\$a(FI-FENNI)60721
=035  \\$a(FI-MELINDA)000037242
=035  \\$z(FI-MELINDA)004246463
=040  \\$aFI-NL
=041  0\$afin
=042  \\$afinb
=080  \\$a929 Wuolijoki$21974/fin/fennica
=100  1\$aWuolijoki, Hella$d(1886-1954)$0(FIN11)000063570$1http://viaf.org/viaf/17231148
=245  10$aMinusta tuli suomalainen /$cHella Wuolijoki.
=260  \\$a[Espoo] :$bWeilin + Göös,$c1987.
=300  \\$a509 s. ;$c22 cm
=336  \\$ateksti$btxt$2rdacontent
=337  \\$akäytettävissä ilman laitetta$bn$2rdamedia
=338  \\$anide$bnc$2rdacarrier
=500  \\$aSisältö: Kummituksia ja kajavia, muistelmia Eino Leinosta ja Gustaf Mattsonista [sic] ; Minusta tuli liikenainen, eli 'Valkoinen varis' Juhani Tervapään yksinpuheluja aikojen draamassa (1908-1918) ; Enkä ollut vanki, tuokiokuvia vankilasta.
=505  0\$aSisältö: Kummituksia ja kajavia ; Minusta tuli liikenainen ; Enkä ollut vanki
=600  14$aLeino, Eino$d(1878-1926)$0(FIN11)000050499$1http://viaf.org/viaf/4946087
=600  14$aMattson, Gustaf.
=600  14$aWuolijoki, Hella$d(1886-1954)$0(FIN11)000063570$1http://viaf.org/viaf/17231148
=650  \7$amuistelmat$2yso/fin$0http://www.yso.fi/onto/yso/p8111
=740  0\$aEnkä ollut vanki.
=740  0\$aKummituksia ja kajavia.
=740  0\$aMinusta tuli liikenainen.
=900  11$aTervapää, Juhani$yWuolijoki, Hella
=900  11$aWuolijoki, Hella$yTervapää, Juhani
=995  \\$aKansalliskirjasto

