=LDR  01173cam a2200349zi 4500
=001  f000037243
=005  20190703164611.0
=008  880712s1987^^^^fi^||||||||||||||||afin||
=015  \\$afx60725$2skl
=020  \\$a951-35-4072-3$qsidottu
=024  3\$a9789513540722
=035  \\$a(FI-FENNI)60725
=035  \\$a(FI-MELINDA)000037243
=040  \\$aFI-NL
=041  0\$afin
=042  \\$afinb
=080  \\$a929 Schoultz$21974/fin/fennica
=084  \\$a99.12$2ykl
=100  1\$aSchoultz, Nadja von$0(FIN11)000058644$1http://viaf.org/viaf/40809035
=245  10$aSurun ja ilon vuosikymmenet /$cNadja von Schoultz.
=260  \\$a[Espoo] :$bWeilin + Göös,$c1987.
=300  \\$a399 s. ;$c22 cm
=336  \\$ateksti$btxt$2rdacontent
=337  \\$akäytettävissä ilman laitetta$bn$2rdamedia
=338  \\$anide$bnc$2rdacarrier
=500  \\$a2. p. 1987
=500  \\$aLisäpainokset: 2. p. 1987.
=500  \\$aLisäpainokset: 2. uppl. 1987.
=600  14$aSchoultz, Nadja von$0(FIN11)000058644$1http://viaf.org/viaf/40809035
=650  \7$amuistelmat$2yso/fin$0http://www.yso.fi/onto/yso/p8111
=900  1\$aVon Schoultz, Nadja$ySchoultz, Nadja von
=995  \\$aKansalliskirjasto

