=LDR  01066cam a2200313zi 4500
=001  f000037248
=005  20190703164612.0
=008  880712s1987^^^^fi^|||||||||||||||||fin||
=015  \\$afx60778$2skl
=020  \\$a951-35-4150-9$qsidottu
=035  \\$a(FI-FENNI)60778
=035  \\$a(FI-MELINDA)000037248
=040  \\$aFI-NL
=041  0\$afin
=042  \\$afinb
=080  \\$a339$21974/fin/fennica
=080  \\$a915$21974/fin/fennica
=100  1\$aRutanen, Pasi$0(FIN11)000057399
=245  10$aAuringonnousun tuolla puolen /$cPasi Rutanen.
=260  \\$a[Espoo] :$bWeilin + Göös,$c1987.
=300  \\$a308 s. ;$c22 cm
=336  \\$ateksti$btxt$2rdacontent
=337  \\$akäytettävissä ilman laitetta$bn$2rdamedia
=338  \\$anide$bnc$2rdacarrier
=650  \7$amatkakertomukset$2yso/fin$0http://www.yso.fi/onto/yso/p5977
=650  \7$aulkomaankauppa$2yso/fin$0http://www.yso.fi/onto/yso/p657
=650  \7$ayhteiskuntakuvaus$2yso/fin$0http://www.yso.fi/onto/yso/p4187
=651  \7$aAasia$2yso/fin$0http://www.yso.fi/onto/yso/p105024
=995  \\$aKansalliskirjasto

