=LDR  01334cam a2200349zi 4500
=001  f000037265
=005  20190703164623.0
=008  881220s1988^^^^fi^||||||||||||||||afin||
=015  \\$afx60976$2skl
=020  \\$a951-35-4529-6$qsidottu
=035  \\$a(FI-FENNI)60976
=035  \\$a(FI-MELINDA)000037265
=040  \\$aFI-NL
=041  1\$afin$heng
=042  \\$afinb
=080  \\$a929 Appleman$x-Jurman$21974/fin/fennica
=084  \\$a99.1$2ykl
=100  1\$aAppleman-Jurman, Alicia$d(1930-2017)$0(FIN11)000040604$1http://viaf.org/viaf/72943176
=240  10$aAlicia : my story
=245  10$aAlicia, juutalaistyttö /$cAlicia Appleman-Jurman ; suom. Risto Varteva.
=260  \\$a[Espoo] :$bWeilin + Göös,$c1988.
=300  \\$a400 s. ;$c24 cm
=336  \\$ateksti$btxt$2rdacontent
=337  \\$akäytettävissä ilman laitetta$bn$2rdamedia
=338  \\$anide$bnc$2rdacarrier
=500  \\$aKartt. kansien suojalehdillä.
=600  14$aAppleman-Jurman, Alicia$d(1930-2017)$0(FIN11)000040604$1http://viaf.org/viaf/72943176
=650  \7$ajuutalaisvainot$2yso/fin$0http://www.yso.fi/onto/yso/p607
=650  \7$amuistelmat$2yso/fin$0http://www.yso.fi/onto/yso/p8111
=700  1\$aVarteva, Risto,$d1942-2004,$ekääntäjä.$0(FIN11)000062228
=900  1\$aJurman, Alicia Appleman$yAppleman-Jurman, Alicia
=995  \\$aKansalliskirjasto

