=LDR  01759cam a2200409zi 4500
=001  f000038457
=005  20190703164956.0
=008  890207s1987^^^^fi^||||||b^^^|||||||eng||
=015  \\$afx64738$2skl
=020  \\$a951-41-0531-1$qnidottu
=035  \\$a(FI-FENNI)64738
=035  \\$a(FI-MELINDA)000038457
=040  \\$aFI-NL
=041  0\$aeng
=042  \\$afinb
=080  \\$a39$21974/fin/fennica
=100  1\$aWaterman, Patricia Panyity,.-$d(19- )$0(FIN11)000063302$1http://viaf.org/viaf/2786015
=245  12$aA tale-type index of Australian Aboriginal oral narratives /$cby Patricia Panyity Waterman.
=260  \\$aHki :$bSuomalainen tiedeakatemia :$bAkateeminen kirjakauppa [distr.],$c1987$e(Pieksämäki :$fRaamattutalo)
=300  \\$a173, [1] s. ;$c24 cm
=336  \\$ateksti$btxt$2rdacontent
=337  \\$akäytettävissä ilman laitetta$bn$2rdamedia
=338  \\$anide$bnc$2rdacarrier
=490  1\$aFF communications,$x0014-5815 ;$vno. 238
=650  \7$aalkuperäiskansat$2yso/fin$0http://www.yso.fi/onto/yso/p5737
=650  \7$abibliografiat$2yso/fin$0http://www.yso.fi/onto/yso/p3462
=650  \7$akansankertomukset$2yso/fin$0http://www.yso.fi/onto/yso/p3505
=650  \7$akansanrunot$2yso/fin$0http://www.yso.fi/onto/yso/p1363
=650  \7$amotiivit (aihelmat)$2yso/fin$0http://www.yso.fi/onto/yso/p3402
=650  \7$atypologiat$2yso/fin$0http://www.yso.fi/onto/yso/p4022
=650  \7$aFolk story$2ELB-g
=650  \7$aFolk poetry$2ELB-g
=651  \7$aAustralia$2yso/fin$0http://www.yso.fi/onto/yso/p105116
=710  2\$aSuomalainen tiedeakatemia$1http://viaf.org/viaf/124947624
=830  \0$aFF communications,$x0014-5815 ;$vno. 238.
=900  1\$aPanyity Waterman, Patricia$yWaterman, Patricia Panyity
=995  \\$aKansalliskirjasto

