=LDR  01619cam a2200385zi 4500
=001  f000038464
=005  20190703165002.0
=008  901204s1990^^^^fi^|||||||||||||||||eng||
=015  \\$afx196362$2skl
=020  \\$a951-41-0599-0$qnidottu
=035  \\$a(FI-FENNI)196362
=035  \\$a(FI-MELINDA)000038464
=040  \\$aFI-NL
=041  0\$aeng
=042  \\$afinb
=080  \\$a39$21974/fin/fennica
=100  1\$aKuusi, Anna-Leena$0(FIN11)000058922$1http://viaf.org/viaf/311154572
=245  10$aInterpreting oral narrative /$cby Anna-Leena Siikala.
=260  \\$aHelsinki :$bSuomalainen tiedeakatemia :$bAkateeminen kirjakauppa, distr.,$c1990$e(Pieksämäki :$fRaamattutalo)
=300  \\$a222 s. :$bkuvitettu ;$c24 cm
=336  \\$ateksti$btxt$2rdacontent
=337  \\$akäytettävissä ilman laitetta$bn$2rdamedia
=338  \\$anide$bnc$2rdacarrier
=490  1\$aFF communications,$x0014-5815 ;$vno. 245
=650  \7$afolkloristiikka$2yso/fin$0http://www.yso.fi/onto/yso/p17883
=650  \7$akansankertojat$2yso/fin$0http://www.yso.fi/onto/yso/p17773
=650  \7$akansankertomukset$2yso/fin$0http://www.yso.fi/onto/yso/p3505
=650  \7$akansanperinne$2yso/fin$0http://www.yso.fi/onto/yso/p1362
=650  \7$akerronta$2yso/fin$0http://www.yso.fi/onto/yso/p6895
=650  \7$atulkinta$2yso/fin$0http://www.yso.fi/onto/yso/p4511
=650  \7$aFolk story$2ELB-g
=651  \7$aEtelä-Pohjanmaa$2yso/fin$0http://www.yso.fi/onto/yso/p94107
=710  2\$aSuomalainen tiedeakatemia$1http://viaf.org/viaf/124947624
=830  \0$aFF communications,$x0014-5815 ;$vno. 245.
=995  \\$aKansalliskirjasto$bHist$5ARTO

