=LDR  01308cam a2200349zi 4500
=001  f000040472
=005  20190703165510.0
=008  870309s1986^^^^fi^||||||||||||||||aswe||
=015  \\$afx80710$2skl
=020  \\$a951-50-0352-0$qnidottu
=035  \\$a(FI-FENNI)80710
=035  \\$a(FI-MELINDA)000040472
=040  \\$aFI-NL
=041  1\$aswe$hfin
=042  \\$afinb
=080  \\$a28$21974/fin/fennica
=080  \\$a929 Idefelt$21974/fin/fennica
=100  1\$aIdefelt, Benedicta$d(1920-2014)$0(FIN11)000158844$1http://viaf.org/viaf/59158027
=245  10$aFrån Viborg till Vatikanen /$cBenedicta Idefelt ; övers. av Sara Wiik.
=260  \\$a[Hfors] :$bSchildt,$c1986$e(Hangö :$fHangö tr.)
=300  \\$a269 s., [16] kuvasivua :$bkuvitettu ;$c21 cm
=336  \\$ateksti$btxt$2rdacontent
=337  \\$akäytettävissä ilman laitetta$bn$2rdamedia
=338  \\$anide$bnc$2rdacarrier
=500  \\$aLisäpainokset: [Nytr. 1987].
=500  \\$a[NYTR. 1987]
=650  \7$aluostarit$2yso/fin$0http://www.yso.fi/onto/yso/p816
=650  \7$amuistelmat$2yso/fin$0http://www.yso.fi/onto/yso/p8111
=650  \7$anunnajärjestöt$2yso/fin$0http://www.yso.fi/onto/yso/p1002
=650  \7$aroomalaiskatolinen kirkko$2yso/fin$0http://www.yso.fi/onto/yso/p15408
=700  1\$aWiik, Sara.
=995  \\$aKansalliskirjasto

