=LDR  01068cam a2200301zi 4500
=001  f000040484
=005  20190703165515.0
=008  880419s1987^^^^fi^||||||||||||||||aswe||
=015  \\$afx80735$2skl
=020  \\$a951-50-0393-8$qsidottu
=035  \\$a(FI-FENNI)80735
=035  \\$a(FI-MELINDA)000040484
=040  \\$aFI-NL
=041  0\$aswe
=042  \\$afinb
=080  \\$a929 Schoultz$21974/fin/fennica
=100  1\$aSchoultz, Solveig von$d(1907-1996)$0(FIN11)000058645$1http://viaf.org/viaf/26025
=245  13$aDe sju dagarna /$cSolveig von Schoultz.
=260  \\$aHfors :$bSchildt,$c1987$e(Ekenäs :$fEkenäs tr.)
=300  \\$a195, [1] s. ;$c21 cm
=336  \\$ateksti$btxt$2rdacontent
=337  \\$akäytettävissä ilman laitetta$bn$2rdamedia
=338  \\$anide$bnc$2rdacarrier
=600  14$aSchoultz, Solveig von$d(1907-1996)$0(FIN11)000058645$1http://viaf.org/viaf/26025
=650  \7$amuistelmat$2yso/fin$0http://www.yso.fi/onto/yso/p8111
=900  1s$aVON SCHOULTZ, SOLVEIG$uSCHOULTZ, SOLVEIG VON, 1907-
=902  \\$ab
=995  \\$aKansalliskirjasto

