=LDR  01177cam a2200313zi 4500
=001  f000040486
=005  20190703165516.0
=008  890207s1988^^^^fi^||||||||||||||||aswe||
=015  \\$afx80744$2skl
=020  \\$a951-50-0403-9$qsidottu
=035  \\$a(FI-FENNI)80744
=035  \\$a(FI-MELINDA)000040486
=035  \\$z(FI-MELINDA)004179461
=040  \\$aFI-NL
=041  0\$aswe
=042  \\$afinb
=080  \\$a355/359$21974/fin/fennica
=080  \\$a929 Nyström$21974/fin/fennica
=100  1\$aNyström, Hilding$0(FIN11)000075605$1http://viaf.org/viaf/42519183
=245  10$aSoldater 1942 :$bhårt mot hårt i Schemenski /$cHilding Nyström ; [omslag och ill.: Viking Nyström].
=260  \\$a[Hfors] :$bSchildt,$c1988$e(Hangö :$fHangö tr.)
=300  \\$a231 s. :$bkuvitettu, karttoja ;$c22 cm
=336  \\$ateksti$btxt$2rdacontent
=337  \\$akäytettävissä ilman laitetta$bn$2rdamedia
=338  \\$anide$bnc$2rdacarrier
=600  14$aNyström, Hilding$0(FIN11)000075605$1http://viaf.org/viaf/42519183
=650  \7$ajatkosota$2yso/fin$0http://www.yso.fi/onto/yso/p5943
=650  \7$amuistelmat$2yso/fin$0http://www.yso.fi/onto/yso/p8111
=995  \\$aKansalliskirjasto

