=LDR  00976cam a2200277zi 4500
=001  f000040488
=005  20190703165517.0
=008  890207s1988^^^^fi^|||||||||||||||||swe||
=015  \\$afx80754$2skl
=020  \\$a951-50-0415-2$qnidottu
=035  \\$a(FI-FENNI)80754
=035  \\$a(FI-MELINDA)000040488
=040  \\$aFI-NL
=041  0\$aswe
=042  \\$afinb
=080  \\$a929 Hartman$21974/fin/fennica
=100  1\$aHartman, Carl Gustav$d(1922- )$0(FIN11)000043349$1http://viaf.org/viaf/89070829
=245  10$aMellan två dagar /$cCarl Gustav Hartman.
=260  \\$a[Hfors] :$bSchildt,$c1988$e(Lovisa :$fÖstra Nylands tr.)
=300  \\$a130 s. ;$c21 cm
=336  \\$ateksti$btxt$2rdacontent
=337  \\$akäytettävissä ilman laitetta$bn$2rdamedia
=338  \\$anide$bnc$2rdacarrier
=600  14$aHartman, Carl Gustav$d(1922- )$0(FIN11)000043349$1http://viaf.org/viaf/89070829
=650  \7$amuistelmat$2yso/fin$0http://www.yso.fi/onto/yso/p8111
=995  \\$aKansalliskirjasto

