=LDR  01379cam a2200361zi 4500
=001  f000040497
=005  20190703165519.0
=008  900120s1989^^^^fi^||||||||||||||||aswe||
=015  \\$afx80794$2skl
=020  \\$a951-50-0484-5$qsidottu
=035  \\$a(FI-FENNI)80794
=035  \\$a(FI-MELINDA)000040497
=040  \\$aFI-NL
=041  1\$aswe$hfin
=042  \\$afinb
=080  \\$a663/664$21974/fin/fennica
=080  \\$a929 Hernberg$21974/fin/fennica
=084  \\$a99.12$2ykl
=100  1\$aHernberg, Gunnar,$d1904-1993.$0(FIN11)000043972
=240  10$aSokerimiehen muistelmat
=245  13$aEn sockermans minnen /$cGunnar Hernberg ; under red. av Seppo Zetterberg ; övers. från den finska originalutg.: Anita Schulman.
=260  \\$aHfors :$bSchildt,$c1989$e(Lovisa :$fÖstra Nylands tr.)
=300  \\$a227 s. :$bkuvitettu ;$c22 cm
=336  \\$ateksti$btxt$2rdacontent
=337  \\$akäytettävissä ilman laitetta$bn$2rdamedia
=338  \\$anide$bnc$2rdacarrier
=600  14$aHernberg, Gunnar,$d1904-1993.$0(FIN11)000043972
=610  24$aSuomen sokeri.$0(FIN11)000004919
=650  \7$amuistelmat$2yso/fin$0http://www.yso.fi/onto/yso/p8111
=650  \7$asokeriteollisuus$2yso/fin$0http://www.yso.fi/onto/yso/p16168
=700  1\$aSchulman, Anita.
=700  1\$aZetterberg, Seppo$d(1945- )$0(FIN11)000063732$1http://viaf.org/viaf/115392071
=995  \\$aKansalliskirjasto

