=LDR  01244cam a2200337zi 4500
=001  f000040525
=005  20190703165525.0
=008  871214s1987^^^^fi^||||||||||||||||aswe||
=015  \\$afx81598$2skl
=020  \\$a951-52-1130-1$qsidottu
=035  \\$a(FI-FENNI)81598
=035  \\$a(FI-MELINDA)000040525
=040  \\$aFI-NL
=041  0\$aswe
=042  \\$afinb
=080  \\$a929 Landström$21974/fin/fennica
=100  1\$aLandström, Björn$d(1917-2002)$0(FIN11)000067439$1http://viaf.org/viaf/121575064
=245  10$aSjälvporträtt /$cBjörn Landström.
=260  \\$a[Hfors] :$bSöderström,$c1987$e(Keuru :$fOtava)
=300  \\$a327 s. :$bkuvitettu ;$c25 cm
=336  \\$ateksti$btxt$2rdacontent
=337  \\$akäytettävissä ilman laitetta$bn$2rdamedia
=338  \\$anide$bnc$2rdacarrier
=500  \\$a2. UPPL. 1988
=500  \\$aLisäpainokset: 2. uppl. 1988.
=590  \\$a2. uppl. 1988
=600  14$aLandström, Björn$d(1917-2002)$0(FIN11)000067439$1http://viaf.org/viaf/121575064
=650  \7$akirjailijat$2yso/fin$0http://www.yso.fi/onto/yso/p8970
=650  \7$akuvittajat$2yso/fin$0http://www.yso.fi/onto/yso/p20004
=650  \7$amuistelmat$2yso/fin$0http://www.yso.fi/onto/yso/p8111
=995  \\$aKansalliskirjasto$bHist$5ARTO

