=LDR  01162cam a2200325zi 4500
=001  f000040527
=005  20190703165526.0
=008  880419s1987^^^^fi^||||||||||||||||aswe||
=015  \\$afx81608$2skl
=020  \\$a951-52-1141-7$qsidottu
=035  \\$a(FI-FENNI)81608
=035  \\$a(FI-MELINDA)000040527
=040  \\$aFI-NL
=041  0\$aswe
=042  \\$afinb
=080  \\$a929 Zilliacus$21974/fin/fennica
=100  1\$aZilliacus, Benedict$d(1921-2013)$0(FIN11)000063736$1http://viaf.org/viaf/79075630
=245  10$aBergets skugga /$cBenedict Zilliacus.
=260  \\$a[Hfors] :$bSöderström,$c1987$e(Borgå :$fTr. och tidning i Borgå)
=300  \\$a257, [3] s. ;$c22 cm
=336  \\$ateksti$btxt$2rdacontent
=337  \\$akäytettävissä ilman laitetta$bn$2rdamedia
=338  \\$anide$bnc$2rdacarrier
=500  \\$a2. UPPL. 1987
=500  \\$aLisäpainokset: 2. uppl. 1987.
=590  \\$a2. uppl. 1987
=600  14$aZilliacus, Benedict$d(1921-2013)$0(FIN11)000063736$1http://viaf.org/viaf/79075630
=650  \7$amuistelmat$2yso/fin$0http://www.yso.fi/onto/yso/p8111
=900  0s$aBEZ,$uZILLIACUS, BENEDICT, 1921-
=995  \\$aKansalliskirjasto$bHist$5ARTO

