=LDR  01095cam a2200277zi 4500
=001  f000040531
=005  20190703165529.0
=008  880419s1987^^^^fi^||||||||||||||||aswe||
=015  \\$afx81633$2skl
=020  \\$a951-52-1166-2$qsidottu
=035  \\$a(FI-FENNI)81633
=035  \\$a(FI-MELINDA)000040531
=040  \\$aFI-NL
=041  0\$aswe
=042  \\$afinb
=080  \\$a929 Hästö$21974/fin/fennica
=100  1\$aHästö, Stig H$d(1918-1997)$0(FIN11)000045122$1http://viaf.org/viaf/42636339
=245  10$aFrån Pehrsgatan 6 till Champs Elysées :$bsjälvbiografiska berättelser från sju decennier /$cStig H. Hästö.
=260  \\$a[Hfors] :$bSöderström,$c1987$e(Lovisa :$fÖstra Nylands tr.)
=300  \\$a463, [1] s., [16] kuvasivua :$bkuvitettu ;$c22 cm
=336  \\$ateksti$btxt$2rdacontent
=337  \\$akäytettävissä ilman laitetta$bn$2rdamedia
=338  \\$anide$bnc$2rdacarrier
=600  14$aHästö, Stig H$d(1918-1997)$0(FIN11)000045122$1http://viaf.org/viaf/42636339
=650  \7$amuistelmat$2yso/fin$0http://www.yso.fi/onto/yso/p8111
=995  \\$aKansalliskirjasto$bHist$5ARTO

