=LDR  01045cam a2200289zi 4500
=001  f000040535
=005  20190703165531.0
=008  891220s1989^^^^fi^||||||||||||||||aswe||
=015  \\$afx81703$2skl
=020  \\$a951-52-1251-0$qsidottu
=035  \\$a(FI-FENNI)81703
=035  \\$a(FI-MELINDA)000040535
=040  \\$aFI-NL
=041  0\$aswe
=042  \\$afinb
=080  \\$a929 Zilliacus$21974/fin/fennica
=084  \\$a99.12$2ykl
=100  1\$aZilliacus, Jutta$d(1925- )$0(FIN11)000063740$1http://viaf.org/viaf/49266959
=245  13$aEn annorlunda barndom /$cJutta Zilliacus.
=260  \\$a[Hfors] :$bSöderström,$c1989$e(Borgå :$fTr. och tidning)
=300  \\$a254, [1] s., [24] kuvasivua :$bkuvitettu ;$c22 cm
=336  \\$ateksti$btxt$2rdacontent
=337  \\$akäytettävissä ilman laitetta$bn$2rdamedia
=338  \\$anide$bnc$2rdacarrier
=600  14$aZilliacus, Jutta$d(1925- )$0(FIN11)000063740$1http://viaf.org/viaf/49266959
=650  \7$amuistelmat$2yso/fin$0http://www.yso.fi/onto/yso/p8111
=995  \\$aKansalliskirjasto$bHist$5ARTO

