=LDR  01517cam a2200373zi 4500
=001  f000040536
=005  20190703165532.0
=008  900328s1989^^^^fi^|||||||||||||||||swe||
=015  \\$afx184880$2skl
=020  \\$a951-52-1271-5$qsidottu
=035  \\$a(FI-FENNI)184880
=035  \\$a(FI-MELINDA)000040536
=040  \\$aFI-NL
=041  0\$aswe
=042  \\$afinb
=080  \\$a308$21974/fin/fennica
=080  \\$a323.1$21974/fin/fennica
=084  \\$a32.2$2ykl
=084  \\$a45.72$2ykl
=100  1\$aPackalén, Bengt$0(FIN11)000054503$1http://viaf.org/viaf/223148995738559750243
=245  10$aBelfast är bara ett annat Burundi /$cBengt Packalén, text ; Sverker Ström, foto.
=260  \\$a[Hfors] :$bSöderström,$c1989$e(Borgå :$fTr. o. tidning i Borgå)
=300  \\$a237, [2] s. :$bkuvitettu, karttoja ;$c22 cm
=336  \\$ateksti$btxt$2rdacontent
=337  \\$akäytettävissä ilman laitetta$bn$2rdamedia
=338  \\$anide$bnc$2rdacarrier
=650  \7$akansallisuuskysymykset$2yso/fin$0http://www.yso.fi/onto/yso/p1815
=650  \7$amatkakertomukset$2yso/fin$0http://www.yso.fi/onto/yso/p5977
=650  \7$apoliittinen historia$2yso/fin$0http://www.yso.fi/onto/yso/p15286
=650  \7$apoliittiset liikkeet$2yso/fin$0http://www.yso.fi/onto/yso/p443
=650  \7$ayhteiskuntakuvaus$2yso/fin$0http://www.yso.fi/onto/yso/p4187
=651  \7$aBelfast$2yso/fin$0http://www.yso.fi/onto/yso/p109297
=651  \7$aPohjois-Irlanti$2yso/fin$0http://www.yso.fi/onto/yso/p105720
=995  \\$aKansalliskirjasto

