=LDR  01231cam a2200337zi 4500
=001  f000040748
=005  20190703165641.0
=008  890207s1988^^^^fi^||||||||||||||||afin||
=015  \\$afx83666$2skl
=020  \\$a951-600-749-X$qnidottu
=035  \\$a(FI-FENNI)83666
=035  \\$a(FI-MELINDA)000040748
=040  \\$aFI-NL
=041  1\$afin$heng
=042  \\$afinb
=080  \\$a929 Rees$x-Larcombe$21974/fin/fennica
=084  \\$a99.1$2ykl
=100  1\$aLarcombe, Jennifer Rees$d(1942- )$0(FIN11)000056728$1http://viaf.org/viaf/84532503
=240  10$aBeyond healing
=245  10$aMinä en parantunut /$cJennifer Rees Larcombe ; suom. Heljä Meuronen.
=260  \\$a[Hki] :$bKirjaneliö,$c1988$e(Pieksämäki :$fRaamattutalo)
=300  \\$a189 s. ;$c20 cm
=336  \\$ateksti$btxt$2rdacontent
=337  \\$akäytettävissä ilman laitetta$bn$2rdamedia
=338  \\$anide$bnc$2rdacarrier
=500  \\$aBeyond healing.
=600  14$aLarcombe, Jennifer Rees$d(1942- )$0(FIN11)000056728$1http://viaf.org/viaf/84532503
=650  \7$amuistelmat$2yso/fin$0http://www.yso.fi/onto/yso/p8111
=700  1\$aMeuronen, Heljä$0(FIN11)000052348
=900  1\$aLarcombe, Jennifer Rees$yRees-Larcombe, Jennifer
=995  \\$aKansalliskirjasto

