=LDR  01050cam a2200325zi 4500
=001  f000040759
=005  20190703165646.0
=008  891220s1989^^^^fi^||||||||||||||||afin||
=015  \\$afx83699$2skl
=020  \\$a951-600-787-2$qsidottu
=035  \\$a(FI-FENNI)83699
=035  \\$a(FI-MELINDA)000040759
=040  \\$aFI-NL
=041  0\$afin
=042  \\$afinb
=080  \\$a26$21974/fin/fennica
=080  \\$a929 Lemmetyinen$21974/fin/fennica
=084  \\$a25.5$2ykl
=084  \\$a99.12$2ykl
=100  1\$aLemmetyinen, Eljas.
=245  10$aMene ja kerro /$cEljas Lemmetyinen ; toim. Heljä Meuronen.
=260  \\$a[Hki] :$bKirjaneliö,$c1989$e(Pieksämäki :$fRaamattutalo)
=300  \\$a140 s., [16] kuvasivua :$bkuvitettu ;$c20 cm
=336  \\$ateksti$btxt$2rdacontent
=337  \\$akäytettävissä ilman laitetta$bn$2rdamedia
=338  \\$anide$bnc$2rdacarrier
=600  14$aLemmetyinen, Eljas.
=650  \7$amuistelmat$2yso/fin$0http://www.yso.fi/onto/yso/p8111
=700  1\$aMeuronen, Heljä$0(FIN11)000052348
=995  \\$aKansalliskirjasto

