=LDR  01274cam a2200349zi 4500
=001  f000040848
=005  20190703165721.0
=008  900803s1990^^^^fi^||||||||||||||||afin||
=015  \\$afx188278$2skl
=020  \\$a951-606-189-3$qsidottu
=020  \\$a951-606-196-6$qkirjakerhonide, sidottu
=035  \\$a(FI-FENNI)188278
=035  \\$a(FI-MELINDA)000040848
=040  \\$aFI-NL
=041  0\$afin$heng
=042  \\$afinb
=080  \\$a929 Bell$21974/fin/fennica
=084  \\$a99.1$2ykl
=100  1\$aBell, Robert W.
=240  10$aIn peril on the sea
=245  10$aVaaroissa merellä :$bhenkeäsalpaava tosikertomus toisen maailmansodan ajoilta /$cRobert W. Bell ja D. Bruce Lockerbie ; [suomentanut Juhani Nieminen].
=260  \\$aVantaa :$bRV-kirjat,$c1990$e(Juva :$fWSOY)
=300  \\$a336 s., [4] kuvasivua :$bkuvitettu, karttoja ;$c20 cm
=336  \\$ateksti$btxt$2rdacontent
=337  \\$akäytettävissä ilman laitetta$bn$2rdamedia
=338  \\$anide$bnc$2rdacarrier
=600  14$aBell, Robert W.
=650  \7$ahaaksirikot$2yso/fin$0http://www.yso.fi/onto/yso/p10405
=650  \7$amuistelmat$2yso/fin$0http://www.yso.fi/onto/yso/p8111
=700  1\$aLockerbie, D. Bruce,$ekirjoittaja.
=700  1\$aNieminen, Juhani,$ekirjoittaja.
=995  \\$aKansalliskirjasto

