=LDR  01241cam a2200325zi 4500
=001  f000040982
=005  20190703165814.0
=008  890523s1989^^^^fi^||||||||||||||||afin||
=015  \\$afx85331$2skl
=020  \\$a951-617-875-8$qsidottu
=035  \\$a(FI-FENNI)85331
=035  \\$a(FI-MELINDA)000040982
=040  \\$aFI-NL
=041  0\$afin
=042  \\$afinb
=080  \\$a929 Harmanen$21974/fin/fennica
=084  \\$a99.12$2ykl
=100  1\$aHarmanen, Eija$0(FIN11)000043310$1http://viaf.org/viaf/14260701
=245  10$aLennä kotiin pikkulintu /$cEija Harmanen ; [kuvat: Juhani Kuutti, Harmasen perhealbumi].
=260  \\$a[Hki] :$bSLEY-kirjat,$c1989$f(Painokaari)
=300  \\$a77 s. :$bkuvitettu ;$c21 cm
=336  \\$ateksti$btxt$2rdacontent
=337  \\$akäytettävissä ilman laitetta$bn$2rdamedia
=338  \\$anide$bnc$2rdacarrier
=600  14$aHarmanen, Eija$0(FIN11)000043310$1http://viaf.org/viaf/14260701
=650  \7$alapset (perheenjäsenet)$2yso/fin$0http://www.yso.fi/onto/yso/p2357
=650  \7$amuistelmat$2yso/fin$0http://www.yso.fi/onto/yso/p8111
=650  \7$aperhe-elämä$2yso/fin$0http://www.yso.fi/onto/yso/p2259
=650  \7$aäitiys$2yso/fin$0http://www.yso.fi/onto/yso/p12508
=995  \\$aKansalliskirjasto

