=LDR  01288cam a2200337zi 4500
=001  f000041159
=005  20190703165931.0
=008  891114s1989^^^^fi^||||||||||||||||afin||
=015  \\$afx86108$2skl
=020  \\$a951-621-953-5$qsidottu
=035  \\$a(FI-FENNI)86108
=035  \\$a(FI-MELINDA)000041159
=040  \\$aFI-NL
=041  0\$afin
=042  \\$afinb
=080  \\$a364$x-053.2$21974/fin/fennica
=080  \\$a929 Nurmela$21974/fin/fennica
=084  \\$a99.12$2ykl
=100  1\$aNurmela, Kari A$0(FIN11)000153844$1http://viaf.org/viaf/25877606
=245  10$aSateenvarjorattaat :$bkertomus intiaanitytöstä, josta tuli lapsemme /$cKari A. Nurmela.
=260  \\$aHki :$bKirjapaja,$c1989$e(Jyväskylä :$fGummerus)
=300  \\$a135 s., [16] kuvasivua :$bkuvitettu ;$c22 cm
=336  \\$ateksti$btxt$2rdacontent
=337  \\$akäytettävissä ilman laitetta$bn$2rdamedia
=338  \\$anide$bnc$2rdacarrier
=600  14$aNurmela, Kari A$0(FIN11)000153844$1http://viaf.org/viaf/25877606
=650  \7$aadoptio$2yso/fin$0http://www.yso.fi/onto/yso/p3727
=650  \7$aadoptiolapset$2yso/fin$0http://www.yso.fi/onto/yso/p28482
=650  \7$amuistelmat$2yso/fin$0http://www.yso.fi/onto/yso/p8111
=710  2\$aKirjapaja$1http://viaf.org/viaf/311832934
=995  \\$aKansalliskirjasto

