=LDR  01362cam a2200361zi 4500
=001  f000041189
=005  20190703165945.0
=008  880712s1988^^^^fi^||||||||||||||||afin||
=015  \\$afx86326$2skl
=020  \\$a951-622-388-5$qsidottu
=035  \\$a(FI-FENNI)86326
=035  \\$a(FI-MELINDA)000041189
=040  \\$aFI-NL
=041  0\$afin
=042  \\$afinb
=080  \\$a929 Aaltonen$21974/fin/fennica
=084  \\$a99.12$2ykl
=100  1\$aAaltonen, Hilja$d(1907- )$0(FIN11)000039760$1http://viaf.org/viaf/31202792
=245  10$aIhaninta ihmisessä on hänen laupeutensa :$bHilja Aaltosen elämää ja ajatuksia /$c[toim.] Matti Niemelä.
=260  \\$aHämeenlinna :$bPäivä,$c1988$e(Jyväskylä :$fGummerus)
=300  \\$a266 s., [16] kuvasivua :$bkuvitettu ;$c21 cm
=336  \\$ateksti$btxt$2rdacontent
=337  \\$akäytettävissä ilman laitetta$bn$2rdamedia
=338  \\$anide$bnc$2rdacarrier
=500  \\$a2. p. 1988
=500  \\$aLisäpainokset: 2. p. 1988.
=500  \\$aSelkänimeke: Hilja Aaltosen elämää ja ajatuksia.
=590  \\$a2. uppl. 1988
=600  14$aAaltonen, Hilja$d(1907- )$0(FIN11)000039760$1http://viaf.org/viaf/31202792
=650  \7$amuistelmat$2yso/fin$0http://www.yso.fi/onto/yso/p8111
=700  1\$aNiemelä, Matti,$etoimittaja.
=740  0\$aHilja Aaltosen elämää ja ajatuksia.
=995  \\$aKansalliskirjasto

