=LDR  00943cam a2200301zi 4500
=001  f000041195
=005  20190703165947.0
=008  881011s1988^^^^fi^||||||||||||||||afin||
=015  \\$afx86343$2skl
=020  \\$a951-622-412-1$qsidottu
=035  \\$a(FI-FENNI)86343
=035  \\$a(FI-MELINDA)000041195
=040  \\$aFI-NL
=041  0\$afin
=042  \\$afinb
=080  \\$a929 Lehto$21974/fin/fennica
=084  \\$a99.12$2ykl
=100  1\$aLehto, Olavi.
=245  10$aMuistojen kiviä /$cOlavi Lehto.
=260  \\$aHämeenlinna :$bPäivä,$c1988$f(Karisto)
=300  \\$a154 s., [8] kuvasivua :$bkuvitettu ;$c21 cm
=336  \\$ateksti$btxt$2rdacontent
=337  \\$akäytettävissä ilman laitetta$bn$2rdamedia
=338  \\$anide$bnc$2rdacarrier
=600  14$aLehto, Olavi.
=650  \7$amuistelmat$2yso/fin$0http://www.yso.fi/onto/yso/p8111
=650  \7$avapaakirkot$2yso/fin$0http://www.yso.fi/onto/yso/p5044
=995  \\$aKansalliskirjasto

