=LDR  01159cam a2200349zi 4500
=001  f000041196
=005  20190703165948.0
=008  880712s1988^^^^fi^||||||||||||||||afin||
=015  \\$afx86346$2skl
=020  \\$a951-622-415-6$qsidottu
=035  \\$a(FI-FENNI)86346
=035  \\$a(FI-MELINDA)000041196
=040  \\$aFI-NL
=041  1\$afin$heng
=042  \\$afinb
=080  \\$a929 Masood$21974/fin/fennica
=084  \\$a99.1$2ykl
=100  1\$aMasood, Steven.
=240  10$aInto the light,$lsuomi
=245  10$aValoon /$cSteven Masood ; [...suom.: Teemu Saarinen].
=260  \\$aHämeenlinna :$bPäivä,$c1988$e(Jyväskylä :$fGummerus)
=300  \\$a166 s. ;$c22 cm
=336  \\$ateksti$btxt$2rdacontent
=337  \\$akäytettävissä ilman laitetta$bn$2rdamedia
=338  \\$anide$bnc$2rdacarrier
=500  \\$aKansialanimeke: Nuoren muslimin totuuden etsintä.
=579  \\$aXLUETTELOITU$bdiak
=600  14$aMasood, Steven.
=650  \7$amuistelmat$2yso/fin$0http://www.yso.fi/onto/yso/p8111
=700  1\$aSaarinen, Teemu$0(FIN11)000137516$1http://viaf.org/viaf/277054200
=901  \\$b020,240,700$c20150511113219.0
=995  \\$aKansalliskirjasto

