=LDR  01230cam a2200361zi 4500
=001  f000041197
=005  20190703165948.0
=008  881220s1988^^^^fi^||||||||||||||||afin||
=015  \\$afx86349$2skl
=020  \\$a951-622-420-2$qnidottu
=035  \\$a(FI-FENNI)86349
=035  \\$a(FI-MELINDA)000041197
=040  \\$aFI-NL
=041  1\$afin$heng
=042  \\$afinb
=080  \\$a929 Sheikh$21974/fin/fennica
=084  \\$a99.1$2ykl
=100  1\$aSheikh, Bilquis.
=240  10$aI dared to call Him Father
=245  10$aUskalsin kutsua Häntä Isäksi /$cBilquis Sheikh, Richard Schneider ; [englanninkielestä suom. Marja Roinila].
=250  \\$a3. p.
=260  \\$aHämeenlinna :$bKirjakeidas,$c1988$e(Jyväskylä :$fGummerus)
=300  \\$a205 s. :$bkuvitettu ;$c19 cm
=336  \\$ateksti$btxt$2rdacontent
=337  \\$akäytettävissä ilman laitetta$bn$2rdamedia
=338  \\$anide$bnc$2rdacarrier
=500  \\$a2. p. 1981 Päivän kustantamana
=600  14$aSheikh, Bilquis.
=650  \7$amuistelmat$2yso/fin$0http://www.yso.fi/onto/yso/p8111
=700  1\$aRoinila, Marja.
=700  1\$aSchneider, Richard$d(1835-1917)$0(FIN11)000147539$1http://viaf.org/viaf/116371549
=902  \\$ab
=995  \\$aKansalliskirjasto

