=LDR  01362cam a2200397zi 4500
=001  f000041201
=005  20190703165950.0
=008  890417s1988^^^^fi^||||||||||||||||afin||
=015  \\$afx86359$2skl
=020  \\$a951-622-432-6$qnidottu
=035  \\$a(FI-FENNI)86359
=035  \\$a(FI-MELINDA)000041201
=040  \\$aFI-NL
=041  1\$afin$heng
=042  \\$afinb
=080  \\$a929 Esses$21974/fin/fennica
=084  \\$a99.1$2ykl
=100  1\$aEsses, Michael.
=240  00$aMichael, Michael, why do you hate me?,$lsuomi
=240  10$aMichael, Michael, why do you hate me?
=245  10$aMikael, Mikael, miksi vainoat minua? /$cMichael Esses ; [englannin kielestä suom. Rauno Luoto].
=250  \\$a2. p.
=260  \\$aHämeenlinna :$bPäivä,$c1988$e(Juva :$fWSOY)
=300  \\$a204 s. ;$c19 cm
=336  \\$ateksti$btxt$2rdacontent
=337  \\$akäytettävissä ilman laitetta$bn$2rdamedia
=338  \\$anide$bnc$2rdacarrier
=500  \\$a1. p. 1975
=500  \\$aEngl. alkuteos: michael, michael, why do you hate me?.
=600  14$aEsses, Michael.
=650  \7$ajuutalaiset$2yso/fin$0http://www.yso.fi/onto/yso/p8494
=650  \7$akääntymys$2yso/fin$0http://www.yso.fi/onto/yso/p5412
=650  \7$amuistelmat$2yso/fin$0http://www.yso.fi/onto/yso/p8111
=700  1\$aLuoto, Rauno,$ekääntäjä.
=902  \\$ab
=995  \\$aKansalliskirjasto

