=LDR  01500cam a2200409zi 4500
=001  f000041209
=005  20190703165954.0
=008  900328s1990^^^^fi^|||||||||||||||||fin||
=015  \\$afx184975$2skl
=020  \\$a951-622-467-9$qsidottu
=035  \\$a(FI-FENNI)184975
=035  \\$a(FI-MELINDA)000041209
=040  \\$aFI-NL
=041  1\$afin$heng
=042  \\$afinb
=080  \\$a24$21974/fin/fennica
=080  \\$a929 Wiebe$21974/fin/fennica
=084  \\$a99.1$2ykl
=100  1\$aWiebe, Katie.$0(FIN11)000067143
=240  10$aAlone,$lsuomi
=245  10$aYksin /$cKatie Funk Wiebe ; [...suom. Helena Lintinen ja Teemu Saarinen].
=260  \\$aHämeenlinna :$bPäivä,$c1990$e(Jyväskylä :$fGummerus)
=300  \\$a248 s. ;$c22 cm
=336  \\$ateksti$btxt$2rdacontent
=337  \\$akäytettävissä ilman laitetta$bn$2rdamedia
=338  \\$anide$bnc$2rdacarrier
=600  14$aWiebe, Katie.$0(FIN11)000067143
=650  \7$alesket$2yso/fin$0http://www.yso.fi/onto/yso/p2830
=650  \7$amuistelmat$2yso/fin$0http://www.yso.fi/onto/yso/p8111
=650  \7$asurutyö$2yso/fin$0http://www.yso.fi/onto/yso/p8286
=650  \7$ayksinäisyys$2yso/fin$0http://www.yso.fi/onto/yso/p6935
=700  1\$aLintinen, Helena,$ekääntäjä.
=700  1\$aSaarinen, Teemu$ekääntäjä.$0(FIN11)000137516$1http://viaf.org/viaf/277054200
=900  1\$aFunk Wiebe, Katie$yWiebe, Katie
=900  1s$aFunk Wiebe, Katie$uWiebe, Katie
=901  \\$b240,700$c20150511112703.0
=995  \\$aKansalliskirjasto

