=LDR  01986cam a2200433zi 4500
=001  f000041999
=005  20190703170155.0
=008  881011s1988^^^^fi^|||||||||||||||||swe||
=015  \\$afx90725$2skl
=020  \\$a951-649-443-9$qnidottu
=035  \\$a(FI-FENNI)90725
=035  \\$a(FI-MELINDA)000041999
=040  \\$aFI-NL
=041  0\$aswe
=042  \\$afinb
=080  \\$a02$21974/fin/fennica
=080  \\$a655$21974/fin/fennica
=080  \\$a82$21974/fin/fennica
=084  \\$a00.6$2ykl
=084  \\$a02.25$2ykl
=245  00$aEvaluering av inköp av skönlitteratur till Åbo stadsbibliotek och Ekenäs stadsbibliotek 1982 och 1985 :$bpilotundersökning av Ringa Sandelin...[et al.].
=260  \\$aÅbo :$bÅbo akademi,$c1988.
=300  \\$a[3], 130, [2] s. :$btaulukkoja ;$c21 cm
=336  \\$ateksti$btxt$2rdacontent
=337  \\$akäytettävissä ilman laitetta$bn$2rdamedia
=338  \\$anide$bnc$2rdacarrier
=490  1\$aPublikation / Åbo Akademi. Institutionen för biblioteksvetenskap och informatik,$x0783-3199 ;$vPublikation 2
=490  1\$aPublikation / Åbo akademi. Institutionen för biblioteksvetenskap och informatik,$x0783-3199 ;$v2
=650  \7$aaineistonvalinta$2yso/fin$0http://www.yso.fi/onto/yso/p18689
=650  \7$akaunokirjallisuus$2yso/fin$0http://www.yso.fi/onto/yso/p4
=650  \7$akustannustoiminta$2yso/fin$0http://www.yso.fi/onto/yso/p2045
=650  \7$ayleiset kirjastot$2yso/fin$0http://www.yso.fi/onto/yso/p16658
=650  \7$aPoetry$2ELB-g
=651  \7$aTammisaari$2yso/fin$0http://www.yso.fi/onto/yso/p94435
=651  \7$aTurku$2yso/fin$0http://www.yso.fi/onto/yso/p94447
=700  1\$aSandelin, Ringa$0(FIN11)000058280$1http://viaf.org/viaf/215149294368480522197
=810  2\$aÅbo akademi.$bInstitutionen för biblioteksvetenskap och informatik.$tPublikation ;$v2.
=830  \0$aPublikation / Åbo Akademi. Institutionen för biblioteksvetenskap och informatik,$x0783-3199 ;$vPublikation 2.
=995  \\$aKansalliskirjasto

