=LDR  02697cam a2200601zi 4500
=001  f000043157
=005  20190703170522.0
=008  880830s1988^^^^fi^||||||||||||||||cfin||
=015  \\$afx99654$2skl
=020  \\$a951-717-508-6$qnidottu
=024  8\$aISSN0355-1768
=035  \\$a(FI-FENNI)99654
=035  \\$a(FI-MELINDA)000043157
=040  \\$aFI-NL
=041  1\$afin$hlat
=042  \\$afinb
=080  \\$a28$21974/fin/fennica
=080  \\$a948.0$21974/fin/fennica
=084  \\$a27.2$2ykl
=084  \\$a92.2$2ykl
=084  \\$a92.3$2ykl
=100  1\$aJuusten, Paavali, ca$d(1516-1576)$0(FIN11)000045970$1http://viaf.org/viaf/62354475
=240  10$aCatalogus et ordinaria successio episcoporum Finlandensium
=245  10$aSuomen piispainkronikka /$cPaavali Juusten ; suom. ja selitykset: Simo Heininen.
=260  \\$aHki :$bSuomalaisen kirjallisuuden seura,$c1988$e(Pieksämäki :$fRaamattutalo)
=300  \\$a78 sivua :$bkuvitettu ;$c21 cm
=336  \\$ateksti$btxt$2rdacontent
=337  \\$akäytettävissä ilman laitetta$bn$2rdamedia
=338  \\$anide$bnc$2rdacarrier
=490  0\$a[suomalaisen kirjallisuuden seuran toimituksia], Lajos szopori, Lajos,$x0355-1768 ;$v476
=490  1\$aSuomalaisen Kirjallisuuden Seuran toimituksia,$x0355-1768 ;$v476
=500  \\$aCatalogus et ordinaria successio episcoporum Finlandensium.
=500  \\$aLat. alkuteos: catalogus et ordinaria successio episcoporum finlandensium.
=593  \\$ajufo$5ARTO
=648  \7$a1100-1500-luku$2yso/fin
=648  \7$a1500-luku$2yso/fin
=650  \7$aelämäkerrat$2yso/fin$0http://www.yso.fi/onto/yso/p11597
=650  \7$ahistoria$2yso/fin$0http://www.yso.fi/onto/yso/p1780
=650  \7$ahistoriankirjoitus$2yso/fin$0http://www.yso.fi/onto/yso/p16911
=650  \7$akeskiaika$2yso/fin$0http://www.yso.fi/onto/yso/p2559
=650  \7$akirkkohistoria$2yso/fin$0http://www.yso.fi/onto/yso/p19610
=650  \7$akronikat$2yso/fin$0http://www.yso.fi/onto/yso/p11598
=650  \7$alähdeaineisto$2yso/fin$0http://www.yso.fi/onto/yso/p7605
=650  \7$apiispat$2yso/fin$0http://www.yso.fi/onto/yso/p5769
=650  \7$areformaation aika$2yso/fin$0http://www.yso.fi/onto/yso/p16205
=650  \7$aBiography$2ELB-g
=651  \7$aSuomi$2yso/fin$0http://www.yso.fi/onto/yso/p94426
=700  12$aHeininen, Simo$d(1943- )$0(FIN11)000066895$1http://viaf.org/viaf/39455784
=700  1\$aHeininen, Simo$d(1943- )$0(FIN11)000066895$1http://viaf.org/viaf/39455784
=710  2\$aSuomalaisen Kirjallisuuden Seura.$0(FIN11)000004352
=830  \0$aSuomalaisen Kirjallisuuden Seuran toimituksia,$x0355-1768 ;$v476.
=901  \\$bSISKUV$c20170711155532.0
=995  \\$aKansalliskirjasto$bHist$5ARTO

