=LDR  01996cam a2200445zi 4500
=001  f000043158
=005  20190703170523.0
=008  880830s1987^^^^fi^|||||||||||||||||eng||
=015  \\$afx99658$2skl
=020  \\$a951-717-512-4$qnidottu
=035  \\$a(FI-FENNI)99658
=035  \\$a(FI-MELINDA)000043158
=040  \\$aFI-NL
=041  0\$aeng$bita
=042  \\$afinb
=080  \\$a29$21974/fin/fennica
=245  00$aMythology and cosmic order /$ced. by René Gothóni and Juha Pentikäinen.
=260  \\$aHki :$bSuomalaisen kirjallisuuden seura,$c1987$e(Pieksämäki :$fRaamattutalo)
=300  \\$a165, [3] s. :$bkuvitettu ;$c26 cm
=336  \\$ateksti$btxt$2rdacontent
=337  \\$akäytettävissä ilman laitetta$bn$2rdamedia
=338  \\$anide$bnc$2rdacarrier
=490  1\$aStudia Fennica,$x0085-6835 ;$v32
=650  \7$akultit$2yso/fin$0http://www.yso.fi/onto/yso/p1016
=650  \7$amysteeriuskonnot$2yso/fin$0http://www.yso.fi/onto/yso/p12285
=650  \7$amytologia$2yso/fin$0http://www.yso.fi/onto/yso/p7687
=650  \7$amyytit$2yso/fin$0http://www.yso.fi/onto/yso/p1248
=650  \7$anoitarummut$2yso/fin$0http://www.yso.fi/onto/yso/p16259
=650  \7$asaamelaiset$2yso/fin$0http://www.yso.fi/onto/yso/p11537
=650  \7$auskonelämä$2yso/fin$0http://www.yso.fi/onto/yso/p17711
=650  \7$auskonnollinen käyttäytyminen$2yso/fin$0http://www.yso.fi/onto/yso/p18550
=650  \7$auskontososiologia$2yso/fin$0http://www.yso.fi/onto/yso/p16170
=650  \7$auskontotiede$2yso/fin$0http://www.yso.fi/onto/yso/p2976
=650  \7$ašamanismi$2yso/fin$0http://www.yso.fi/onto/yso/p1252
=700  1\$aGothóni, René$d(1950- )$etoimittaja.$0(FIN11)000042600$1http://viaf.org/viaf/19800911
=700  1\$aPentikäinen, Juha$d(1940- )$etoimittaja.$0(FIN11)000055156$1http://viaf.org/viaf/36961076
=710  2\$aSuomalaisen Kirjallisuuden Seura.$0(FIN11)000004352
=830  \0$aStudia Fennica,$x0085-6835 ;$v32.
=903  \\$aa
=995  \\$aKansalliskirjasto$bHist$5ARTO

