=LDR  01607cam a22003854i 4500
=001  f000043425
=005  20190703170601.0
=008  871007s1987^^^^fi^||||||b^^^||||||afin|c
=015  \\$afx101128$2skl
=020  \\$a951-749-062-3$qsidottu
=035  \\$a(FI-FENNI)101128
=035  \\$a(FI-MELINDA)000043425
=040  \\$aFI-NL
=041  1\$afin$heng
=042  \\$afinb
=080  \\$a929 Darwin$21974/fin/fennica
=100  1\$aDarwin, Charles$d(1809-1882)$0(FIN11)000041644$1http://viaf.org/viaf/27063124
=240  10$aAutobiography
=245  10$aElämäni /$cCharles Darwin ; suom. Anto Leikola ; [suom. laitoksen esipuheen laat. Anto Leikola].
=260  \\$aOulu :$bPohjoinen,$c1987$e(Jyväskylä :$fGummerus)
=300  \\$a144 s. :$bkarttoja ;$c25 cm
=336  \\$ateksti$btxt$2rdacontent
=337  \\$akäytettävissä ilman laitetta$bn$2rdamedia
=338  \\$anide$bnc$2rdacarrier
=490  1\$aPrometheus
=500  \\$aLisäpainokset: S. 7-9: Saatesanat / Anto Leikola. - S. 88-128: Muistelmia isäni arkielämästä / Francis Darwin.
=600  14$aDarwin, Charles$d(1809-1882)$0(FIN11)000041644$1http://viaf.org/viaf/27063124
=650  \7$ahenkilöbibliografiat$2yso/fin$0http://www.yso.fi/onto/yso/p19904
=650  \7$aluonnontieteet$2yso/fin$0http://www.yso.fi/onto/yso/p6227
=650  \7$amuistelmat$2yso/fin$0http://www.yso.fi/onto/yso/p8111
=650  \7$atiedemiehet$2yso/fin$0http://www.yso.fi/onto/yso/p11256
=700  1\$aDarwin, Francis.
=700  1\$aLeikola, Anto$d(1937- )$0(FIN11)000050483$1http://viaf.org/viaf/1022431
=830  \0$aPrometheus.
=995  \\$aKansalliskirjasto

