=LDR  01158cam a2200313zi 4500
=001  f000044307
=005  20190717124728.0
=008  870309s1986^^^^fi^||||||||||||||||afin||
=015  \\$afx108362$2skl
=020  \\$a951-795-061-6$qsidottu
=035  \\$a(FI-FENNI)108362
=035  \\$a(FI-MELINDA)000044307
=040  \\$aFI-NL
=041  0\$afin
=042  \\$afinb
=080  \\$a331$21974/fin/fennica
=080  \\$a341$21974/fin/fennica
=080  \\$a929 Holmström$21974/fin/fennica
=100  1\$aHolmström, Lars$d(1918- )$0(FIN11)000044377$1http://viaf.org/viaf/11395390
=245  10$aMaksoimme velkaa :$bsotakorvauspäiviä ja vähän öitäkin /$cLars Holmström.
=260  \\$a[Hki] :$bInsinööritieto,$c1986$f(INSKO)
=300  \\$a208 s. :$bkuvitettu ;$c26 cm
=336  \\$ateksti$btxt$2rdacontent
=337  \\$akäytettävissä ilman laitetta$bn$2rdamedia
=338  \\$anide$bnc$2rdacarrier
=650  \7$akonepajateollisuus$2yso/fin$0http://www.yso.fi/onto/yso/p5363
=650  \7$amuistelmat$2yso/fin$0http://www.yso.fi/onto/yso/p8111
=650  \7$asotakorvaukset$2yso/fin$0http://www.yso.fi/onto/yso/p15413
=995  \\$aKansalliskirjasto$bHist$5ARTO

