=LDR  01377cam a2200361zi 4500
=001  f000044497
=005  20190703170823.0
=008  891220s1989^^^^fi^|||||||||||||||||fin||
=015  \\$afx110173$2skl
=020  \\$a951-838-059-7$qnidottu
=035  \\$a(FI-FENNI)110173
=035  \\$a(FI-MELINDA)000044497
=040  \\$aFI-NL
=041  0\$afin
=042  \\$afinb
=080  \\$a919$21974/fin/fennica
=084  \\$a48.5$2ykl
=100  1\$aMäkelä, Juhani$d(1938-2010)$0(FIN11)000052850$1http://viaf.org/viaf/24717555
=245  10$aSatunnainen matkailija Paratiisisaarilla /$cJuhani Mäkelä, Helena Vehkaoja.
=260  \\$aHelsinki :$bSuomen matkailuliitto,$c1989$e(Jyväskylä :$fGummerus)
=300  \\$a157, [2] sivua, [16] kuvasivua :$bkuvitettu, karttoja ;$c22 cm
=336  \\$ateksti$btxt$2rdacontent
=337  \\$akäytettävissä ilman laitetta$bn$2rdamedia
=338  \\$anide$bnc$2rdacarrier
=490  1\$aMinne matka ;$v4
=490  1\$aMinne matka,$x0785-9775 ;$v4
=650  \7$amatkakertomukset$2yso/fin$0http://www.yso.fi/onto/yso/p5977
=651  \7$aOseania$2yso/fin$0http://www.yso.fi/onto/yso/p105113
=700  1\$aVehkaoja, Helena$0(FIN11)000062319$1http://viaf.org/viaf/40714009
=710  2\$aSuomen matkailuliitto$1http://viaf.org/viaf/145451309
=830  \0$aMinne Matka ;$v4.
=830  \0$aMinne matka,$x0785-9775 ;$v4.
=995  \\$aKansalliskirjasto

