=LDR  01011cam a2200313zi 4500
=001  f000044706
=005  20190703170915.0
=008  900830s1990^^^^fi^||||||||||||||||afin||
=015  \\$afx189915$2skl
=020  \\$a951-878-015-3$qnidottu
=035  \\$a(FI-FENNI)189915
=035  \\$a(FI-MELINDA)000044706
=040  \\$aFI-NL
=041  0\$afin
=042  \\$afinb
=080  \\$a26$21974/fin/fennica
=080  \\$a929 Väätäinen$21974/fin/fennica
=084  \\$a99.12$2ykl
=100  1\$aVäätäinen, Lauri.
=245  10$aKristuksen kirkon palvelijana /$cLauri Väätäinen.
=260  \\$aLapua :$bHerättäjä-yhdistys,$c1990$f(Lapuan viestintä)
=300  \\$a113 s. ;$c19 cm
=336  \\$ateksti$btxt$2rdacontent
=337  \\$akäytettävissä ilman laitetta$bn$2rdamedia
=338  \\$anide$bnc$2rdacarrier
=600  14$aVäätäinen, Lauri.
=650  \7$amuistelmat$2yso/fin$0http://www.yso.fi/onto/yso/p8111
=710  2\$aHerättäjä-Yhdistys$1http://viaf.org/viaf/150292309
=995  \\$aKansalliskirjasto

