=LDR  00885cam a2200277zi 4500
=001  f000044829
=005  20190703171004.0
=008  890417s1988^^^^fi^|||||||||||||||||swe||
=015  \\$afx115184$2skl
=020  \\$a951-8902-07-0$qnidottu
=035  \\$a(FI-FENNI)115184
=035  \\$a(FI-MELINDA)000044829
=040  \\$aFI-NL
=041  0\$aswe
=042  \\$afinb
=080  \\$a379.8$21974/fin/fennica
=100  1\$aHusman, Charlie.
=245  10$aFamiljen på hjul /$cCharlie Husman.
=260  \\$a[Vasa] :$bScriptum,$c1988$e(Hangö :$fHangö tr.)
=300  \\$a200 s. :$bkarttoja ;$c20 cm
=336  \\$ateksti$btxt$2rdacontent
=337  \\$akäytettävissä ilman laitetta$bn$2rdamedia
=338  \\$anide$bnc$2rdacarrier
=650  \7$aautoilu$2yso/fin$0http://www.yso.fi/onto/yso/p8319
=650  \7$amatkakertomukset$2yso/fin$0http://www.yso.fi/onto/yso/p5977
=995  \\$aKansalliskirjasto

