=LDR  01395cam a2200361zi 4500
=001  f000044894
=005  20190703171037.0
=008  881220s1988^^^^fi^||||||||||||||||aswe||
=015  \\$afx115703$2skl
=020  \\$a951-9006-69-9$qnidottu
=035  \\$a(FI-FENNI)115703
=035  \\$a(FI-MELINDA)000044894
=040  \\$aFI-NL
=041  1\$aswe$hfin
=042  \\$afinb
=080  \\$a929 Haapanen$21974/fin/fennica
=100  1\$aRajala, Pertti$d(1954- )$0(FIN11)000056362$1http://viaf.org/viaf/282213828
=240  10$aTehtaantyttö
=245  10$aFabriksflickan :$bminnesbilder från gå[n]gna tider /$cPertti Rajala ; [övers.: Beata Frankenhaeuser] ; [utg.: Centralförbundet för de gamlas väl rf].
=260  \\$a[Hki] :$bVanhustyön keskusliitto,$c1988$f(Grafitex)
=300  \\$a[2], 25, [1] s. :$bkuvitettu ;$c25 cm
=336  \\$ateksti$btxt$2rdacontent
=337  \\$akäytettävissä ilman laitetta$bn$2rdamedia
=338  \\$anide$bnc$2rdacarrier
=500  \\$aHelmi Haapasen elämäntarina.
=500  \\$aKirjoitettu selkokielellä.
=600  14$aHaapanen, Helmi,$d1901-1994.$0(FIN11)000092179
=650  \7$amuistelmat$2yso/fin$0http://www.yso.fi/onto/yso/p8111
=700  1\$aFrankenhaeuser, Beata.
=710  2\$aVanhustyön keskusliitto.$0(FIN11)000006298
=904  \\$ap
=910  2\$aCentralförbundet för de gamlas väl$yVanhustyön keskusliitto
=995  \\$aKansalliskirjasto

