=LDR  01322cam a2200337zi 4500
=001  f000044927
=005  20190703171051.0
=008  871007s1987^^^^fi^||||||||||||||||afin||
=015  \\$afx115918$2skl
=020  \\$a951-9014-80-2$qsidottu
=035  \\$a(FI-FENNI)115918
=035  \\$a(FI-MELINDA)000044927
=040  \\$aFI-NL
=041  0\$afin
=042  \\$afinb
=080  \\$a26$21974/fin/fennica
=080  \\$a929 Sinnemäki$21974/fin/fennica
=100  1\$aSinnemäki, Maunu,.-$d(19- )$0(FIN11)000059167$1http://viaf.org/viaf/25962190
=245  10$aEkumeeninen kaleidoskooppi :$bpäiväkirjan lehtiä vuodelta 1986 /$cMaunu Sinnemäki.
=260  \\$a[Lapua] :$bHerättäjä-yhdistys,$c1987$e(Jyväskylä :$fGummerus)
=300  \\$a295 s. :$bkuvitettu ;$c21 cm
=336  \\$ateksti$btxt$2rdacontent
=337  \\$akäytettävissä ilman laitetta$bn$2rdamedia
=338  \\$anide$bnc$2rdacarrier
=600  14$aSinnemäki, Maunu,.-$d(19- )$0(FIN11)000059167$1http://viaf.org/viaf/25962190
=650  \7$aekumenia$2yso/fin$0http://www.yso.fi/onto/yso/p13701
=650  \7$amuistelmat$2yso/fin$0http://www.yso.fi/onto/yso/p8111
=650  \7$apäiväkirjat$2yso/fin$0http://www.yso.fi/onto/yso/p2717
=650  \7$aDiary$2ELB-g
=710  2\$aHerättäjä-Yhdistys$1http://viaf.org/viaf/150292309
=995  \\$aKansalliskirjasto

