=LDR  00995cam a2200313zi 4500
=001  f000045387
=005  20190703171240.0
=008  881220s1988^^^^fi^||||||||||||||||afin||
=015  \\$afx120257$2skl
=020  \\$a951-9178-33-3$qnidottu
=035  \\$a(FI-FENNI)120257
=035  \\$a(FI-MELINDA)000045387
=040  \\$aFI-NL
=041  1\$afin$heng
=042  \\$afinb
=080  \\$a929 Staller$21974/fin/fennica
=084  \\$a99.1$2ykl
=100  0\$aCicciolina.$0(FIN11)000041543
=240  10$aConfessions
=245  10$aTunnustuksia /$cCicciolina ; [suom. Riitta Salmi].
=260  \\$aHki :$bOdessa,$c[1988]$e(Vaasa :$fVaasa oy)
=300  \\$a124 s., [16] kuvasivua :$bkuvitettu ;$c24 cm
=336  \\$ateksti$btxt$2rdacontent
=337  \\$akäytettävissä ilman laitetta$bn$2rdamedia
=338  \\$anide$bnc$2rdacarrier
=600  14$aStaller, Ilona.
=650  \7$amuistelmat$2yso/fin$0http://www.yso.fi/onto/yso/p8111
=700  1\$aSalmi, Riitta$0(FIN11)000072895
=995  \\$aKansalliskirjasto

