=LDR  01043cam a2200313zi 4500
=001  f000045545
=005  20190703171310.0
=008  890711s1989^^^^fi^||||||b^^^|||||||fin||
=015  \\$afx121617$2skl
=020  \\$a951-9214-58-5$qnidottu
=035  \\$a(FI-FENNI)121617
=035  \\$a(FI-MELINDA)000045545
=040  \\$aFI-NL
=041  0\$afin
=042  \\$afinb
=080  \\$a355/359$21974/fin/fennica
=080  \\$a929 Vaarala$21974/fin/fennica
=084  \\$a99.12$2ykl
=100  1\$aVaarala, Kustaa.
=245  10$a"mutta minä en kuole" :$btosikertomus Kiestingistä v. 1941 /$cKustaa Vaarala.
=260  \\$a[Hki] :$bHarppuuna,$c[1989]$e([Ulvila] :$fPorin painopalvelu)
=300  \\$a53 s. ;$c21 cm
=336  \\$ateksti$btxt$2rdacontent
=337  \\$akäytettävissä ilman laitetta$bn$2rdamedia
=338  \\$anide$bnc$2rdacarrier
=600  14$aVaarala, Kustaa.
=650  \7$ajatkosota$2yso/fin$0http://www.yso.fi/onto/yso/p5943
=650  \7$amuistelmat$2yso/fin$0http://www.yso.fi/onto/yso/p8111
=995  \\$aKansalliskirjasto$bHist$5ARTO

