=LDR  01224cam a2200301zi 4500
=001  f000045934
=005  20190703171427.0
=008  871109s1987^^^^fi^||||||||||||||||aswe||
=015  \\$afx124956$2skl
=020  \\$a951-9367-24-1$qnidottu
=035  \\$a(FI-FENNI)124956
=035  \\$a(FI-MELINDA)000045934
=040  \\$aFI-NL
=041  1\$aswe$hfin
=042  \\$afinb
=080  \\$a929 Hauta$x-aho$21974/fin/fennica
=100  1\$aHauta-aho, Paavo.$0(FIN11)000131357
=240  10$a"Purilfinnan" : Lapuanjoen rantajätkän muistoja
=245  10$a"Purilfinnan" :$ben flottares minnen från Nykarleby älv /$cPaavo Hauta-aho ; övers.: Anna-Lisa Sahlström ; [teckn.: Paavo Hauta-aho o. Hanne Ahti].
=260  \\$aNykarleby ;$a[Hfors] :$bSkrivor :$bFolkets bildningsförbund,$c1987$e(Nykarleby :$fNykoprint)
=300  \\$a86, [1] s. :$bkuvitettu ;$c21 cm
=336  \\$ateksti$btxt$2rdacontent
=337  \\$akäytettävissä ilman laitetta$bn$2rdamedia
=338  \\$anide$bnc$2rdacarrier
=600  14$aHauta-aho, Paavo.$0(FIN11)000131357
=650  \7$amuistelmat$2yso/fin$0http://www.yso.fi/onto/yso/p8111
=700  1\$aSahlström, Anna-Lisa$d(1942- )$0(FIN11)000057827$1http://viaf.org/viaf/8651588
=995  \\$aKansalliskirjasto

