=LDR  01198cam a2200313zi 4500
=001  f000046078
=005  20190703171451.0
=008  891220s1989^^^^fi^||||||||||||||||aswe||
=015  \\$afx126059$2skl
=020  \\$a951-9416-21-8$qnidottu
=035  \\$a(FI-FENNI)126059
=035  \\$a(FI-MELINDA)000046078
=040  \\$aFI-NL
=041  0\$aswe
=042  \\$afinb
=080  \\$a797.14$21974/fin/fennica
=080  \\$a929 Norrmén$21974/fin/fennica
=084  \\$a99.12$2ykl
=100  1\$aNorrmén, Gustaf W. (Gustaf Wilhelm)$d(1914- )$0(FIN11)000053703$1http://viaf.org/viaf/306075341
=245  10$aVind i seglen :$bminnen från ett långt seglarliv /$cav Gustaf W. Norrmén.
=260  \\$aBorgå :$bTryckeri och tidnings ab,$c1989.
=300  \\$a193 s., [4] kuvasivua :$bkuvitettu ;$c21 cm
=336  \\$ateksti$btxt$2rdacontent
=337  \\$akäytettävissä ilman laitetta$bn$2rdamedia
=338  \\$anide$bnc$2rdacarrier
=600  14$aNorrmén, Gustaf W. (Gustaf Wilhelm)$d(1914- )$0(FIN11)000053703$1http://viaf.org/viaf/306075341
=650  \7$amuistelmat$2yso/fin$0http://www.yso.fi/onto/yso/p8111
=650  \7$apurjehdus$2yso/fin$0http://www.yso.fi/onto/yso/p6231
=995  \\$aKansalliskirjasto

