=LDR  01269cam a2200349zi 4500
=001  f000046679
=005  20190703171704.0
=008  871007s1987^^^^fi^||||||||||||||||afin||
=015  \\$afx130857$2skl
=020  \\$a951-95790-1-X$qnidottu
=035  \\$a(FI-FENNI)130857
=035  \\$a(FI-MELINDA)000046679
=040  \\$aFI-NL
=041  1\$afin$heng
=042  \\$afinb
=080  \\$a24$21974/fin/fennica
=080  \\$a929 Savelle$21974/fin/fennica
=100  1\$aSavelle, Jerry.
=240  10$aSharing Jesus effectively : a handbook on successful soul winning
=245  10$aKerro Jeesuksesta vakuuttavasti :$btehokkaan sielujen voittajan käsikirja /$cJerry Savelle ; [suom.: Aino Helin].
=260  \\$aHki :$bUskon sanan kustannus,$c1987$e([Saarijärvi] :$fSaarijärven offset)
=300  \\$a91 s. :$bkuvitettu ;$c20 cm
=336  \\$ateksti$btxt$2rdacontent
=337  \\$akäytettävissä ilman laitetta$bn$2rdamedia
=338  \\$anide$bnc$2rdacarrier
=600  14$aSavelle, Jerry.
=650  \7$aevankelioiminen$2yso/fin$0http://www.yso.fi/onto/yso/p7823
=650  \7$amuistelmat$2yso/fin$0http://www.yso.fi/onto/yso/p8111
=650  \7$asaarnaajat$2yso/fin$0http://www.yso.fi/onto/yso/p6344
=700  1\$aHelin, Aino.
=903  \\$aa
=995  \\$aKansalliskirjasto

