=LDR  00890cam a2200289zi 4500
=001  f000046737
=005  20190703171713.0
=008  900328s1989^^^^fi^||||||||||||||||afin||
=015  \\$afx186102$2skl
=020  \\$a951-95921-5-6$qsidottu
=035  \\$a(FI-FENNI)186102
=035  \\$a(FI-MELINDA)000046737
=040  \\$aFI-NL
=041  0\$afin
=042  \\$afinb
=080  \\$a929 Heikkinen$21974/fin/fennica
=084  \\$a99.12$2ykl
=100  1\$aHeikkinen, Eino$0(FIN11)000043571
=245  10$aSinun kädelläsi /$cEino Heikkinen.
=260  \\$a[Kajaani] :$b[Kainuun sanomat],$c1989.
=300  \\$a67 s. ;$c22 cm
=336  \\$ateksti$btxt$2rdacontent
=337  \\$akäytettävissä ilman laitetta$bn$2rdamedia
=338  \\$anide$bnc$2rdacarrier
=600  14$aHeikkinen, Eino$0(FIN11)000043571
=650  \7$amuistelmat$2yso/fin$0http://www.yso.fi/onto/yso/p8111
=995  \\$aKansalliskirjasto

