=LDR  01138cam a2200301zi 4500
=001  f000046762
=005  20190703171719.0
=008  871109s1987^^^^fi^||||||||||||||||aswe||
=015  \\$afx131488$2skl
=020  \\$a951-96012-1-X$qnidottu
=035  \\$a(FI-FENNI)131488
=035  \\$a(FI-MELINDA)000046762
=040  \\$aFI-NL
=041  1\$aswe$hfin
=042  \\$afinb
=080  \\$a929 Himiläinen$21974/fin/fennica
=100  1\$aHimiläinen, Oskar$d(1915- )$0(FIN11)000044159$1http://viaf.org/viaf/62893918
=240  10$aVieras isänmaa : inkeriläisen kohtalontie
=245  10$aFrämmande fosterland :$ben ingermanländares öden /$cav Oskar Himiläinen ; övers.: Cerle Halleen.
=260  \\$aOtalampi :$bSahlgren,$c1987.
=300  \\$a150, [1] s. :$bkuvitettu ;$c20 cm
=336  \\$ateksti$btxt$2rdacontent
=337  \\$akäytettävissä ilman laitetta$bn$2rdamedia
=338  \\$anide$bnc$2rdacarrier
=600  14$aHimiläinen, Oskar$d(1915- )$0(FIN11)000044159$1http://viaf.org/viaf/62893918
=650  \7$amuistelmat$2yso/fin$0http://www.yso.fi/onto/yso/p8111
=700  1\$aHalleen, Cerle$ekääntäjä.
=995  \\$aKansalliskirjasto

