=LDR  00985cam a2200313zi 4500
=001  f000046786
=005  20190703171726.0
=008  881117s1988^^^^fi^||||||||||||||||afin||
=015  \\$afx131674$2skl
=020  \\$a951-96086-5-6$qsidottu
=035  \\$a(FI-FENNI)131674
=035  \\$a(FI-MELINDA)000046786
=040  \\$aFI-NL
=041  0\$afin
=042  \\$afinb
=080  \\$a343$21974/fin/fennica
=080  \\$a929 Janhunen$21974/fin/fennica
=084  \\$a99.1$2ykl
=100  1\$aJanhunen, Lauri.
=245  10$aSellaista vankia ei ole /$cLauri Janhunen.
=260  \\$aHelsingissä [Hki] :$bArthouse,$c1988$e(Juva :$fWSOY)
=300  \\$a304, [1] s. ;$c22 cm
=336  \\$ateksti$btxt$2rdacontent
=337  \\$akäytettävissä ilman laitetta$bn$2rdamedia
=338  \\$anide$bnc$2rdacarrier
=600  14$aJanhunen, Lauri.
=650  \7$amuistelmat$2yso/fin$0http://www.yso.fi/onto/yso/p8111
=650  \7$avangit$2yso/fin$0http://www.yso.fi/onto/yso/p5511
=995  \\$aKansalliskirjasto

