=LDR  01445cam a2200373zi 4500
=001  f000047388
=005  20190703171924.0
=008  861215s1985^^^^fi^|||||||||||||||||swe||
=015  \\$afx135919$2skl
=020  \\$a951-99632-6-X$qnidottu
=035  \\$a(FI-FENNI)135919
=035  \\$a(FI-MELINDA)000047388
=040  \\$aFI-NL
=041  0\$aswe
=042  \\$afinb
=080  \\$a355.48$21974/fin/fennica
=080  \\$a355/359$21974/fin/fennica
=080  \\$a929 Snellman$21974/fin/fennica
=245  00$aLarsmo-Öja batteriet, 2 Rask. P.sto 2, under vinterkriget 1939-40 /$cutg.: Larsmo hembygdsförening.
=260  \\$a[Larsmo] :$bLarsmo hembygdsförening,$c1985$e(Jakobstad :$fOffset-Print)
=300  \\$a[8], 96, [2] s. :$bkuvitettu, karttoja ;$c30 cm
=336  \\$ateksti$btxt$2rdacontent
=337  \\$akäytettävissä ilman laitetta$bn$2rdamedia
=338  \\$anide$bnc$2rdacarrier
=500  \\$aBerättare: Ragnar Snellman...[ja muita] ; red. Gösta Karlsson.
=500  \\$aKansinimeke: Larsmo-Öja batteriet under vinterkriget 1939-40 vid Summa.
=650  \7$amuistelmat$2yso/fin$0http://www.yso.fi/onto/yso/p8111
=650  \7$atalvisota$2yso/fin$0http://www.yso.fi/onto/yso/p8904
=651  \7$aSumma (Kuolemajärvi)$2yso/fin$0http://www.yso.fi/onto/yso/p118739
=700  1\$aKarlsson, Gösta.
=700  1\$aSnellman, Ragnar.
=710  2\$aLarsmo hembygdsförening.$0(FIN11)000002466
=903  \\$aa
=995  \\$aKansalliskirjasto

