=LDR  01104cam a2200313zi 4500
=001  f000047519
=005  20190703171953.0
=008  861007s1986^^^^fi^|||||||||||||||||fin||
=015  \\$afx136636$2skl
=020  \\$a951-99727-6-5$qnidottu
=035  \\$a(FI-FENNI)136636
=035  \\$a(FI-MELINDA)000047519
=040  \\$aFI-NL
=041  0\$afin
=042  \\$afinb
=080  \\$a355/359$21974/fin/fennica
=100  1\$aRepo, Onni Petter.
=245  10$aTalvisodan Sortavalasta - jatkosodan Loimolaan /$cOnni Petter Repo.
=260  \\$a[Hki] :$b[O. Repo],$c1986$f(Lahtinen)
=300  \\$a118 s. :$bkuvitettu ;$c21 cm
=336  \\$ateksti$btxt$2rdacontent
=337  \\$akäytettävissä ilman laitetta$bn$2rdamedia
=338  \\$anide$bnc$2rdacarrier
=500  \\$aSuurin osa kirjoituksista on julkaistu Kansa taisteli - miehet kertovat -lehdessä.
=650  \7$ajatkosota$2yso/fin$0http://www.yso.fi/onto/yso/p5943
=650  \7$amuistelmat$2yso/fin$0http://www.yso.fi/onto/yso/p8111
=650  \7$atalvisota$2yso/fin$0http://www.yso.fi/onto/yso/p8904
=903  \\$aa
=995  \\$aKansalliskirjasto$bHist$5ARTO

