=LDR  01289cam a2200325zi 4500
=001  f000047552
=005  20190703172005.0
=008  861111s1986^^^^fi^|||||||||||||||||fin||
=015  \\$afx136831$2skl
=020  \\$a951-99753-5-7$qnidottu
=035  \\$a(FI-FENNI)136831
=035  \\$a(FI-MELINDA)000047552
=040  \\$aFI-NL
=041  0\$afin
=042  \\$afinb
=080  \\$a929 Blåfield$21974/fin/fennica
=080  \\$a929.5/.9$21974/fin/fennica
=100  1\$aBlåfield, Martti$0(FIN11)000041199$1http://viaf.org/viaf/274427668
=245  10$aTerveisiä Velentaalta :$bmuistoja Anders ja Antti Blåfieldin, Väinö Louhion, heidän jälkeläistensä ja muiden kylänmiesten ja -naisten maalaiselämästä Asikkalan Kalakodassa, Suursaaren Kalamajassa ja Jänökodassa /$cMartti Blåfield.
=260  \\$aMäntsälä :$b[M. Blåfield],$c1986$f(Mäntsälän kopio)
=300  \\$a68 lehteä ;$c30 cm
=336  \\$ateksti$btxt$2rdacontent
=337  \\$akäytettävissä ilman laitetta$bn$2rdamedia
=338  \\$anide$bnc$2rdacarrier
=500  \\$aOmakustanne.
=600  34$aBlåfield$csuku.
=650  \7$amuistelmat$2yso/fin$0http://www.yso.fi/onto/yso/p8111
=650  \7$asukututkimus$2yso/fin$0http://www.yso.fi/onto/yso/p18055
=903  \\$ab
=995  \\$aKansalliskirjasto$bHist$5ARTO

