=LDR  01000cam a2200277zi 4500
=001  f000047566
=005  20190703172009.0
=008  870309s1986^^^^fi^||||||||||||||||aswe||
=015  \\$afx136908$2skl
=020  \\$a951-99764-9-3$qnidottu
=035  \\$a(FI-FENNI)136908
=035  \\$a(FI-MELINDA)000047566
=040  \\$aFI-NL
=041  0\$aswe
=042  \\$afinb
=080  \\$a929 Wichmann$21974/fin/fennica
=100  1\$aWichmann, Gertrud$0(FIN11)000081898$1http://viaf.org/viaf/262149106008068490583
=245  10$aDär forsen sjunger :$bbarndomsminnen 1893-1907 /$cGertrud Wichmann.
=260  \\$a[Hki] :$b[G. Wichmann],$c[1986]$e([Jakobstad] :$fJakobstads tr. o. tidning)
=300  \\$a97 s. :$bkuvitettu ;$c22 cm
=336  \\$ateksti$btxt$2rdacontent
=337  \\$akäytettävissä ilman laitetta$bn$2rdamedia
=338  \\$anide$bnc$2rdacarrier
=500  \\$aLisäpainokset: [Lisäp. 1987].
=650  \7$amuistelmat$2yso/fin$0http://www.yso.fi/onto/yso/p8111
=995  \\$aKansalliskirjasto$bHist$5ARTO

