=LDR  01040cam a2200301zi 4500
=001  f000047567
=005  20190703172009.0
=008  881011s1988^^^^fi^||||||||||||||||aswe||
=015  \\$afx136911$2skl
=020  \\$a951-99765-2-3$qnidottu
=035  \\$a(FI-FENNI)136911
=035  \\$a(FI-MELINDA)000047567
=040  \\$aFI-NL
=041  1\$aswe$hrus
=042  \\$afinb
=080  \\$a929 Hiiva$21974/fin/fennica
=100  1\$aHiiva, Irja$1http://viaf.org/viaf/801144647679241365575
=240  10$aSsylka
=245  10$aFörvisningen /$cav Irja Hiiva ; övers.: Annika Bäckström.
=260  \\$aOtalampi :$bSahlgren,$c1988$e([Jakobstad] :$fJakobstads tr. o. tidning)
=300  \\$a212 s. :$bkuvitettu ;$c21 cm
=336  \\$ateksti$btxt$2rdacontent
=337  \\$akäytettävissä ilman laitetta$bn$2rdamedia
=338  \\$anide$bnc$2rdacarrier
=600  14$aHiiva, Irja$1http://viaf.org/viaf/801144647679241365575
=650  \7$amuistelmat$2yso/fin$0http://www.yso.fi/onto/yso/p8111
=700  1\$aBäckström, Annika.
=995  \\$aKansalliskirjasto

