=LDR  01251cam a2200325zi 4500
=001  f000047572
=005  20190703172012.0
=008  870309s1986^^^^fi^|||||||||||||||||fin||
=015  \\$afx136945$2skl
=020  \\$a951-99769-6-5$qsidottu
=020  \\$a951-99819-6-9$z951-99769-6-5$qnidottu
=035  \\$a(FI-FENNI)136945
=035  \\$a(FI-MELINDA)000047572
=040  \\$aFI-NL
=041  0\$afin
=042  \\$afinb
=080  \\$a908 Vaasa$21974/fin/fennica
=080  \\$a929 Ojaharju$21974/fin/fennica
=100  1\$aOjaharju, Jorma$d(1938-2011)$0(FIN11)000054093$1http://viaf.org/viaf/262820265
=245  10$aVaasan markkinoilla :$blapsuuden ja nuoruuden kuvakirja /$cJorma Ojaharju.
=260  \\$a[Hki] :$bErasmus,$c1986$e(Vaasa :$fVaasa oy)
=300  \\$a155 s. :$bkuvitettu ;$c25 cm
=336  \\$ateksti$btxt$2rdacontent
=337  \\$akäytettävissä ilman laitetta$bn$2rdamedia
=338  \\$anide$bnc$2rdacarrier
=650  \7$ahistoria$2yso/fin$0http://www.yso.fi/onto/yso/p1780
=650  \7$amuistelmat$2yso/fin$0http://www.yso.fi/onto/yso/p8111
=650  \7$apaikallishistoriat (historiikit)$2yso/fin$0http://www.yso.fi/onto/yso/p1779
=651  \7$aVaasa$2yso/fin$0http://www.yso.fi/onto/yso/p94466
=995  \\$aKansalliskirjasto$bHist$5ARTO

