=LDR  00929cam a2200277zi 4500
=001  f000047580
=005  20190703172016.0
=008  870415s1986^^^^fi^||||||||||||||||aswe||
=015  \\$afx136970$2skl
=020  \\$a951-99772-6-0$qnidottu
=035  \\$a(FI-FENNI)136970
=035  \\$a(FI-MELINDA)000047580
=040  \\$aFI-NL
=041  0\$aswe
=042  \\$afinb
=080  \\$a929 Zilliacus$21974/fin/fennica
=100  1\$aZilliacus, Henrik$d(1908-1992)$0(FIN11)000073504$1http://viaf.org/viaf/94341124
=245  10$aHapenensaari /$cHenrik Zilliacus.
=260  \\$a[Hfors] :$b[H. Zilliacus],$c1986$e(Ekenäs :$fEkenäs tr.)
=300  \\$a80 s. :$bkuvitettu, karttoja ;$c25 cm
=336  \\$ateksti$btxt$2rdacontent
=337  \\$akäytettävissä ilman laitetta$bn$2rdamedia
=338  \\$anide$bnc$2rdacarrier
=650  \7$amuistelmat$2yso/fin$0http://www.yso.fi/onto/yso/p8111
=903  \\$aa
=995  \\$aKansalliskirjasto$bHist$5ARTO

