=LDR  01346cam a2200361zi 4500
=001  f000047616
=005  20190703172028.0
=008  870309s1986^^^^fi^|||||||||||||||||fin||
=015  \\$afx137173$2skl
=020  \\$a951-99798-6-7$qnidottu
=035  \\$a(FI-FENNI)137173
=035  \\$a(FI-MELINDA)000047616
=040  \\$aFI-NL
=041  0\$afin
=042  \\$afinb
=080  \\$a355/359$21974/fin/fennica
=080  \\$a929$21974/fin/fennica
=245  00$aSieltä jostakin.$n1,$pKalliiden muistojen äärellä /$cjulk.: Santa Claus Medias oy ; toim. Heikki Kuosmanen.
=260  \\$a[Kolari] :$bSanta Claus Medias,$c1986$e([Kemi] :$fKemin painotuote)
=300  \\$a81 s. :$bkuvitettu ;$c21 cm
=336  \\$ateksti$btxt$2rdacontent
=337  \\$akäytettävissä ilman laitetta$bn$2rdamedia
=338  \\$anide$bnc$2rdacarrier
=650  \7$ajatkosota$2yso/fin$0http://www.yso.fi/onto/yso/p5943
=650  \7$amuistelmat$2yso/fin$0http://www.yso.fi/onto/yso/p8111
=650  \7$asotahistoria$2yso/fin$0http://www.yso.fi/onto/yso/p13199
=650  \7$asotaveteraanit$2yso/fin$0http://www.yso.fi/onto/yso/p8505
=650  \7$atalvisota$2yso/fin$0http://www.yso.fi/onto/yso/p8904
=700  1\$aKuosmanen, Heikki.
=710  2\$aSanta Claus Medias.
=740  0\$aKalliiden muistojen äärellä.
=903  \\$aa
=995  \\$aKansalliskirjasto$bHist$5ARTO

