=LDR  00898cam a2200289zi 4500
=001  f000047640
=005  20190703172037.0
=008  870901s1987^^^^fi^||||||||||||||||aswe||
=015  \\$afx137274$2skl
=020  \\$a951-99813-7-3$qnidottu
=035  \\$a(FI-FENNI)137274
=035  \\$a(FI-MELINDA)000047640
=040  \\$aFI-NL
=041  0\$aswe
=042  \\$afinb
=080  \\$a929 Willberg$21974/fin/fennica
=100  1\$aWillberg, Margareta.
=245  10$aDet finns en plan för varje liv! /$cMargareta Willberg.
=260  \\$a[Ekenäs] :$b[M. Willberg],$c1987$f(Ekenäs tr.)
=300  \\$a106 s. :$bkuvitettu ;$c25 cm
=336  \\$ateksti$btxt$2rdacontent
=337  \\$akäytettävissä ilman laitetta$bn$2rdamedia
=338  \\$anide$bnc$2rdacarrier
=600  14$aWillberg, Margareta.
=650  \7$amuistelmat$2yso/fin$0http://www.yso.fi/onto/yso/p8111
=903  \\$aa
=995  \\$aKansalliskirjasto

