=LDR  01550cam a2200385zi 4500
=001  f000047672
=005  20190703172045.0
=008  871007s1987^^^^fi^|||||||||||||||||fin||
=015  \\$afx137430$2skl
=020  \\$a951-99836-7-8$qnidottu
=035  \\$a(FI-FENNI)137430
=035  \\$a(FI-MELINDA)000047672
=040  \\$aFI-NL
=041  0\$afin
=042  \\$afinb
=080  \\$a74$21974/fin/fennica
=245  00$aPuhekuplia :$bkirjoituksia sarjakuvasta.$n2 /$ctoim. Heikki Ansa ; [valokuvat: ...Esa Illi, ...Erkki Huhtamo].
=260  \\$a[Kemi] :$bKemin kulttuurilautakunta,$c1987$f(Kemin painotuote)
=300  \\$a132 s. :$bkuvitettu ;$c30 cm
=336  \\$ateksti$btxt$2rdacontent
=337  \\$akäytettävissä ilman laitetta$bn$2rdamedia
=338  \\$anide$bnc$2rdacarrier
=500  \\$aOsa 1 ilm. 1986 ilman osamerkintöä.
=500  \\$aOsa 1 ilmestynyt v. 1986 ilman osamerkintöä.
=500  \\$aRuots. artikkelit suom. Heikki Ansa ; ransk. artikkelit suom. Ulla Luoto, Veli-Pekka Jäppinen.
=500  \\$aSis. myös suomennoksia.
=650  \7$akuvataide$2yso/fin$0http://www.yso.fi/onto/yso/p2739
=650  \7$akäsikirjoitukset$2yso/fin$0http://www.yso.fi/onto/yso/p11009
=650  \7$asarjakuvat$2yso/fin$0http://www.yso.fi/onto/yso/p1148
=700  1\$aAnsa, Heikki$etoimittaja.$1http://viaf.org/viaf/736154257832724150331
=700  1\$aJäppinen, Veli-Pekka.
=700  1\$aLuoto, Ulla.
=710  1\$aKemin kaupunki.$bKulttuurilautakunta.$0(FIN11)000001824
=740  0\$aKirjoituksia sarjakuvasta.
=995  \\$aKansalliskirjasto

