=LDR  01021cam a2200301zi 4500
=001  f000047704
=005  20190703172054.0
=008  871214s1987^^^^fi^||||||||||||||||afin||
=015  \\$afx137610$2skl
=020  \\$a951-99859-9-9$qnidottu
=035  \\$a(FI-FENNI)137610
=035  \\$a(FI-MELINDA)000047704
=040  \\$aFI-NL
=041  0\$afin
=042  \\$afinb
=080  \\$a929 River$21974/fin/fennica
=100  1\$aRiver, Alpo.$0(FIN11)000057104
=245  10$aKuultua ja koettua :$bmuistelmia synnyinsaarestani Seiskarista /$cmuistiin merkinnyt Alpo River (Ämmälä).
=260  \\$aHki :$b[A. River],$c1987$e(Turku :$fGillot)
=300  \\$a[3], 91 s. :$bkuvitettu, karttoja ;$c21 cm
=336  \\$ateksti$btxt$2rdacontent
=337  \\$akäytettävissä ilman laitetta$bn$2rdamedia
=338  \\$anide$bnc$2rdacarrier
=600  14$aRiver, Alpo.$0(FIN11)000057104
=650  \7$amuistelmat$2yso/fin$0http://www.yso.fi/onto/yso/p8111
=900  1\$aÄmmälä, Alpo$yRiver, Alpo
=903  \\$aa
=995  \\$aKansalliskirjasto

