=LDR  01110cam a2200325zi 4500
=001  f000047711
=005  20190703172059.0
=008  881220s1987^^^^fi^|||||||||||||||||swe||
=015  \\$afx137659$2skl
=020  \\$a951-99866-1-8$qnidottu
=035  \\$a(FI-FENNI)137659
=035  \\$a(FI-MELINDA)000047711
=040  \\$aFI-NL
=041  0\$aswe
=042  \\$afinb
=080  \\$a919$21974/fin/fennica
=080  \\$a929$21974/fin/fennica
=100  1\$aHellman, Robert$0(FIN11)000043863
=245  10$aMin australiska dagbok /$cRobert Hellman.
=260  \\$a[Hki] :$b[R. Hellman],$c1987$f(Ingelius)
=300  \\$a125, [2] s. :$bkuvitettu ;$c22 cm
=336  \\$ateksti$btxt$2rdacontent
=337  \\$akäytettävissä ilman laitetta$bn$2rdamedia
=338  \\$anide$bnc$2rdacarrier
=650  \7$ahenkilöhistoria$2yso/fin$0http://www.yso.fi/onto/yso/p2718
=650  \7$amatkakertomukset$2yso/fin$0http://www.yso.fi/onto/yso/p5977
=650  \7$asiirtolaiset$2yso/fin$0http://www.yso.fi/onto/yso/p6457
=651  \7$aAustralia$2yso/fin$0http://www.yso.fi/onto/yso/p105116
=903  \\$aa
=995  \\$aKansalliskirjasto

