=LDR  01444cam a2200313zi 4500
=001  f000047718
=005  20190703172100.0
=008  880419s1987^^^^fi^||||||||||||1|||afin||
=015  \\$afx137701$2skl
=020  \\$a951-99872-0-7$qsidottu
=035  \\$a(FI-FENNI)137701
=035  \\$a(FI-MELINDA)000047718
=040  \\$aFI-NL
=041  0\$afin
=042  \\$afinb
=080  \\$a929 Tuomikoski$21974/fin/fennica
=084  \\$a99.1$2ykl
=100  1\$aTuomikoski, Erkki$0(FIN11)000061348$1http://viaf.org/viaf/13669202
=245  10$aMatkanivasta Kirkkotielle :$bviis veljestä ja yhet housut : [Erkki Tuomikosken 95-vuotispäivänä 18.10.1987] /$cErkki Tuomikoski ; [toimituskunta: Mailis Eskonniemi...ja muita].
=260  \\$a[Oulainen] :$b[Pyhäjokiseudun kustannus],$c1987$f(Pyhäjokiseudun kirjap.)
=300  \\$a110, [1] s. :$bmuotokuva ;$c22 cm
=336  \\$ateksti$btxt$2rdacontent
=337  \\$akäytettävissä ilman laitetta$bn$2rdamedia
=338  \\$anide$bnc$2rdacarrier
=500  \\$aPääosa kirj. ilm. Pyhäjokiseudussa 1986-87. Laiskanläksy ja Sammaltuvilla raunioilla Kaikuja Kajaanista -lehdessä 1916, Tie itsenäisyyteemme pääosin Liitossa 1987 ja Talvisessa metsässä valikoimassa Elettyä ja ajateltua 1974
=600  14$aTuomikoski, Erkki$0(FIN11)000061348$1http://viaf.org/viaf/13669202
=650  \7$amuistelmat$2yso/fin$0http://www.yso.fi/onto/yso/p8111
=700  1\$aEskonniemi, Mailis.
=995  \\$aKansalliskirjasto

