=LDR  01122cam a2200301zi 4500
=001  f000047722
=005  20190703172102.0
=008  880316s1987^^^^fi^||||||||||||||||aswe||
=015  \\$afx137725$2skl
=020  \\$a951-99875-9-2$qnidottu
=035  \\$a(FI-FENNI)137725
=035  \\$a(FI-MELINDA)000047722
=040  \\$aFI-NL
=041  0\$aswe
=042  \\$afinb
=080  \\$a639$21974/fin/fennica
=080  \\$a929 Godenhielm$21974/fin/fennica
=100  1\$aGodenhielm, Bertil$1http://viaf.org/viaf/1327149108539468780003
=245  10$aJaktminnen från Åland /$cBertil Godenhielm.
=260  \\$a[Mariehamn] :$bStödföreningen för Ålands jakt & fiskemuseum,$c1987$f(Ålands tidnings-tr.)
=300  \\$a81 s. :$bkuvitettu ;$c21 cm
=336  \\$ateksti$btxt$2rdacontent
=337  \\$akäytettävissä ilman laitetta$bn$2rdamedia
=338  \\$anide$bnc$2rdacarrier
=600  14$aGodenhielm, Bertil$1http://viaf.org/viaf/1327149108539468780003
=650  \7$ametsästys$2yso/fin$0http://www.yso.fi/onto/yso/p3547
=650  \7$amuistelmat$2yso/fin$0http://www.yso.fi/onto/yso/p8111
=995  \\$aKansalliskirjasto$bHist$5ARTO

