=LDR  01098cam a2200313zi 4500
=001  f000047730
=005  20190703172103.0
=008  880419s1987^^^^fi^||||||||||||||||afin||
=015  \\$afx137772$2skl
=020  \\$a951-99881-7-3$qnidottu
=035  \\$a(FI-FENNI)137772
=035  \\$a(FI-MELINDA)000047730
=040  \\$aFI-NL
=041  0\$afin
=042  \\$afinb
=080  \\$a355/359$21974/fin/fennica
=080  \\$a929 Kaarna$21974/fin/fennica
=100  1\$aKaarna, Mikko,$d1911-2010.$0(FIN11)000069439
=245  10$aSellaista se oli /$cMikko Kaarna.
=260  \\$aLappeenranta :$b[M. Kaarna],$c1987$f(Etelä-Saimaa)
=300  \\$a114 s. :$bkuvitettu ;$c21 cm
=336  \\$ateksti$btxt$2rdacontent
=337  \\$akäytettävissä ilman laitetta$bn$2rdamedia
=338  \\$anide$bnc$2rdacarrier
=600  14$aKaarna, Mikko,$d1911-2010.$0(FIN11)000069439
=650  \7$ajatkosota$2yso/fin$0http://www.yso.fi/onto/yso/p5943
=650  \7$amuistelmat$2yso/fin$0http://www.yso.fi/onto/yso/p8111
=650  \7$atalvisota$2yso/fin$0http://www.yso.fi/onto/yso/p8904
=995  \\$aKansalliskirjasto$bHist$5ARTO

