=LDR  00996cam a2200313zi 4500
=001  f000047734
=005  20190703172104.0
=008  880210s1987^^^^fi^||||||||||||||||afin||
=015  \\$afx137794$2skl
=020  \\$a951-99884-2-4$qsidottu
=035  \\$a(FI-FENNI)137794
=035  \\$a(FI-MELINDA)000047734
=040  \\$aFI-NL
=041  0\$afin
=042  \\$afinb
=080  \\$a929 Tuukkanen$21974/fin/fennica
=100  1\$aTuukkanen, Saimi$0(FIN11)000061535
=245  10$aElämäni helminauha /$cSaimi Tuukkasen muistelmia.
=260  \\$a[Hki] :$b[S. Tuukkanen],$c1987$e(Juva :$fWSOY)
=300  \\$a132, [1] s. ;$c21 cm
=336  \\$ateksti$btxt$2rdacontent
=337  \\$akäytettävissä ilman laitetta$bn$2rdamedia
=338  \\$anide$bnc$2rdacarrier
=500  \\$aKäsikirj. laat. Ulla Pulliainen.
=600  14$aTuukkanen, Saimi$0(FIN11)000061535
=650  \7$amuistelmat$2yso/fin$0http://www.yso.fi/onto/yso/p8111
=700  1\$aPulliainen, Ulla.
=903  \\$aa
=995  \\$aKansalliskirjasto

