=LDR  00910cam a2200301zi 4500
=001  f000047759
=005  20190703172115.0
=008  880316s1987^^^^fi^|||||||||||||||||fin||
=015  \\$afx137967$2skl
=020  \\$a951-99908-2-8$qnidottu
=035  \\$a(FI-FENNI)137967
=035  \\$a(FI-MELINDA)000047759
=040  \\$aFI-NL
=041  0\$afin
=042  \\$afinb
=080  \\$a796.61$21974/fin/fennica
=080  \\$a914$21974/fin/fennica
=100  1\$aKoskinen, Jaakko.
=245  10$a1000000 polkaisua /$cJaakko Koskinen.
=260  \\$a[Hki] :$b[J. Koskinen],$c1987$f(Koppinen)
=300  \\$a33, [1] s. :$bkuvitettu ;$c21 cm
=336  \\$ateksti$btxt$2rdacontent
=337  \\$akäytettävissä ilman laitetta$bn$2rdamedia
=338  \\$anide$bnc$2rdacarrier
=650  \7$amatkakertomukset$2yso/fin$0http://www.yso.fi/onto/yso/p5977
=740  0\$aMiljoona polkaisua.
=904  \\$ap
=995  \\$aKansalliskirjasto

