=LDR  00876cam a2200277zi 4500
=001  f000047762
=005  20190703172116.0
=008  880419s1987^^^^fi^||||||||||||||||afin||
=015  \\$afx137983$2skl
=020  \\$a951-99911-9-0$qsidottu
=035  \\$a(FI-FENNI)137983
=035  \\$a(FI-MELINDA)000047762
=040  \\$aFI-NL
=041  0\$afin
=042  \\$afinb
=080  \\$a929 Sauristo$21974/fin/fennica
=100  1\$aSauristo, Aino.
=245  10$aHangaskalliolta kujalle ja pois /$ckirj.: Aino Sauristo.
=260  \\$a[Rajamäki] :$b[A. Sauristo],$c1987$e(Hämeenlinna :$fKaristo)
=300  \\$a313, [1] s. ;$c21 cm
=336  \\$ateksti$btxt$2rdacontent
=337  \\$akäytettävissä ilman laitetta$bn$2rdamedia
=338  \\$anide$bnc$2rdacarrier
=600  14$aSauristo, Aimo.
=650  \7$amuistelmat$2yso/fin$0http://www.yso.fi/onto/yso/p8111
=995  \\$aKansalliskirjasto

