=LDR  00974cam a2200301zi 4500
=001  f000047768
=005  20190703172118.0
=008  880316s1987^^^^fi^||||||||||||||||afin||
=015  \\$afx138011$2skl
=020  \\$a951-99915-5-7$qnidottu
=035  \\$a(FI-FENNI)138011
=035  \\$a(FI-MELINDA)000047768
=040  \\$aFI-NL
=041  0\$afin
=042  \\$afinb
=080  \\$a929 Anttonen$21974/fin/fennica
=100  1\$aAnttonen, Simo,$d1898-$0(FIN11)000040586
=245  10$aKunnallismiehen muistelmia koti-Karjalasta.
=260  \\$a[Rautjärvi] :$b[S. Anttonen],$c1987$e(Imatra :$fYlä-Vuoksi)
=300  \\$a40 s. :$bkuvitettu ;$c22 cm
=336  \\$ateksti$btxt$2rdacontent
=337  \\$akäytettävissä ilman laitetta$bn$2rdamedia
=338  \\$anide$bnc$2rdacarrier
=500  \\$aKirj. Simo Anttonen.
=600  14$aAnttonen, Simo,$d1898-$0(FIN11)000040586
=650  \7$amuistelmat$2yso/fin$0http://www.yso.fi/onto/yso/p8111
=904  \\$ap
=995  \\$aKansalliskirjasto

