=LDR  00999cam a2200289zi 4500
=001  f000047794
=005  20190703172126.0
=008  890830s1988^^^^fi^||||||||||||||||afin||
=015  \\$afx138256$2skl
=020  \\$a951-99951-3-7$qnidottu
=035  \\$a(FI-FENNI)138256
=035  \\$a(FI-MELINDA)000047794
=040  \\$aFI-NL
=041  0\$afin
=042  \\$afinb
=080  \\$a929 Leino$21974/fin/fennica
=084  \\$a99.12$2ykl
=100  1\$aLeino, Väinö$0(FIN11)000050523
=245  10$aMuistelmia ja ajatelmiani nuoruusajaltani kotikylältäni ja vähän sen ulkopuoleltakin /$c[kirjan tekijä: Väinö Leino].
=260  \\$a[Järventausta] :$b[V. Leino],$c1988$e([Loppi] :$fLopen kirjap.)
=300  \\$a183 s. ;$c21 cm
=336  \\$ateksti$btxt$2rdacontent
=337  \\$akäytettävissä ilman laitetta$bn$2rdamedia
=338  \\$anide$bnc$2rdacarrier
=600  14$aLeino, Väinö$0(FIN11)000050523
=650  \7$amuistelmat$2yso/fin$0http://www.yso.fi/onto/yso/p8111
=995  \\$aKansalliskirjasto

