=LDR  00886cam a2200289zi 4500
=001  f000047803
=005  20190703172129.0
=008  890523s1988^^^^fi^||||||||||||||||afin||
=015  \\$afx138388$2skl
=020  \\$a951-99968-5-0$qsidottu
=035  \\$a(FI-FENNI)138388
=035  \\$a(FI-MELINDA)000047803
=040  \\$aFI-NL
=041  0\$afin
=042  \\$afinb
=080  \\$a929 Haapala$21974/fin/fennica
=084  \\$a99.12$2ykl
=100  1\$aHaapala, Sisko.
=245  10$aVaikeat haikeat vuodet /$cSisko Haapala.
=260  \\$a[Hailuoto] :$b[S. Haapala],$c1988$e(Oulu :$fPohjois-Suomen kirjap.)
=300  \\$a215 s. ;$c22 cm
=336  \\$ateksti$btxt$2rdacontent
=337  \\$akäytettävissä ilman laitetta$bn$2rdamedia
=338  \\$anide$bnc$2rdacarrier
=600  14$aHaapala, Sisko.
=650  \7$amuistelmat$2yso/fin$0http://www.yso.fi/onto/yso/p8111
=995  \\$aKansalliskirjasto

