=LDR  01181cam a2200337zi 4500
=001  f000047804
=005  20190703172129.0
=008  881117s1988^^^^fi^|||||||||||||||||fin||
=015  \\$afx138392$2skl
=020  \\$a951-99969-0-7$qsidottu
=035  \\$a(FI-FENNI)138392
=035  \\$a(FI-MELINDA)000047804
=040  \\$aFI-NL
=041  0\$afin
=042  \\$afinb
=080  \\$a355/359$21974/fin/fennica
=080  \\$a929 Malkavaara$21974/fin/fennica
=084  \\$a92.73$2ykl
=084  \\$a99.12$2ykl
=100  1\$aMalkavaara, Martti$0(FIN11)000051712
=245  10$aKoulunpenkiltä korpisotaan /$cMartti Malkavaara.
=260  \\$a[Oulainen] :$b[Pyhäjokiseudun kirjap.],$c1988.
=300  \\$a98 s. :$bkuvitettu, karttoja ;$c22 cm
=336  \\$ateksti$btxt$2rdacontent
=337  \\$akäytettävissä ilman laitetta$bn$2rdamedia
=338  \\$anide$bnc$2rdacarrier
=650  \7$ajatkosota$2yso/fin$0http://www.yso.fi/onto/yso/p5943
=650  \7$amuistelmat$2yso/fin$0http://www.yso.fi/onto/yso/p8111
=650  \7$asotahistoria$2yso/fin$0http://www.yso.fi/onto/yso/p13199
=650  \7$atalvisota$2yso/fin$0http://www.yso.fi/onto/yso/p8904
=995  \\$aKansalliskirjasto$bHist$5ARTO

