=LDR  00943cam a2200301zi 4500
=001  f000047805
=005  20190703172129.0
=008  890314s1988^^^^fi^||||||||||||||||afin||
=015  \\$afx138402$2skl
=020  \\$a951-99970-4-0$qnidottu
=035  \\$a(FI-FENNI)138402
=035  \\$a(FI-MELINDA)000047805
=040  \\$aFI-NL
=041  0\$afin
=042  \\$afinb
=080  \\$a371$21974/fin/fennica
=080  \\$a929 Linna$21974/fin/fennica
=084  \\$a99.12$2ykl
=100  1\$aLinna, Heikki.$0(FIN11)000051065
=245  10$aPiilolinssien alla /$cHeikki Linna.
=260  \\$a[Kangasniemi] :$b[H. Linna],$c1988$f(Kangasniemen mainosp.)
=300  \\$a100 s. ;$c21 cm
=336  \\$ateksti$btxt$2rdacontent
=337  \\$akäytettävissä ilman laitetta$bn$2rdamedia
=338  \\$anide$bnc$2rdacarrier
=600  14$aLinna, Heikki.$0(FIN11)000051065
=650  \7$amuistelmat$2yso/fin$0http://www.yso.fi/onto/yso/p8111
=995  \\$aKansalliskirjasto

