=LDR  01086cam a2200313zi 4500
=001  f000047831
=005  20190703172137.0
=008  890417s1988^^^^fi^||||||||||||||||afin||
=015  \\$afx138609$2skl
=020  \\$a952-90-0012-X$qsidottu
=035  \\$a(FI-FENNI)138609
=035  \\$a(FI-MELINDA)000047831
=040  \\$aFI-NL
=041  0\$afin
=042  \\$afinb
=080  \\$a929 Rautiainen$21974/fin/fennica
=084  \\$a99.12$2ykl
=100  1\$aRautiainen, Väinö,$d1932-2011.$0(FIN11)000129117
=245  10$aTilitys :$bmenestyksen hinta ja menetyksen siunaus /$cVäinö Rautiainen.
=260  \\$aSaarijärvi :$bV. Rautiainen,$c1988$f(Saarijärven offset)
=300  \\$a285 s., [24] kuvasivua :$bkuvitettu ;$c22 cm
=336  \\$ateksti$btxt$2rdacontent
=337  \\$akäytettävissä ilman laitetta$bn$2rdamedia
=338  \\$anide$bnc$2rdacarrier
=500  \\$aLisäpainokset: 2. p. 1988.
=590  \\$a2. uppl. 1988
=600  14$aRautiainen, Väinö,$d1932-2011.$0(FIN11)000129117
=650  \7$amuistelmat$2yso/fin$0http://www.yso.fi/onto/yso/p8111
=995  \\$aKansalliskirjasto

