=LDR  01298cam a2200361zi 4500
=001  f000047843
=005  20190703172142.0
=008  890207s1988^^^^fi^||||||||||||||||bfin||
=015  \\$afx138693$2skl
=020  \\$a952-90-0125-8$qsidottu
=035  \\$a(FI-FENNI)138693
=035  \\$a(FI-MELINDA)000047843
=040  \\$aFI-NL
=041  0\$afin
=042  \\$afinb
=080  \\$a74$21974/fin/fennica
=080  \\$a929 Kiurusalmi$21974/fin/fennica
=084  \\$a99.12$2ykl
=100  1\$aKiurusalmi, Viljo,$d1914-1980.$0(FIN11)000047650
=245  10$aKiuru-Villen piirroksia /$ckoonnut: Hanna Pöksyläinen, Maija Mäntyaho.
=260  \\$a[Kiuruvesi] :$b[M. Mäntyaho],$c1988$e(Hämeenlinna :$fKaristo)
=300  \\$a79 s. :$bkuvitettu ;$c26 cm
=336  \\$ateksti$btxt$2rdacontent
=337  \\$akäytettävissä ilman laitetta$bn$2rdamedia
=338  \\$anide$bnc$2rdacarrier
=600  14$aKiurusalmi, Viljo,$d1914-1980.$0(FIN11)000047650
=650  \7$aelämäkerrat$2yso/fin$0http://www.yso.fi/onto/yso/p11597
=650  \7$amuistelmat$2yso/fin$0http://www.yso.fi/onto/yso/p8111
=650  \7$apilakuvat$2yso/fin$0http://www.yso.fi/onto/yso/p2737
=650  \7$aBiography$2ELB-g
=700  1\$aMäntyaho, Maija$0(FIN11)000053069
=700  1\$aPöksyläinen, Hanna.
=995  \\$aKansalliskirjasto

