=LDR  00864cam a2200277zi 4500
=001  f000047860
=005  20190703172147.0
=008  890207s1988^^^^fi^||||||||||||||||afin||
=015  \\$afx138796$2skl
=020  \\$a952-90-0264-5$qsidottu
=035  \\$a(FI-FENNI)138796
=035  \\$a(FI-MELINDA)000047860
=040  \\$aFI-NL
=041  0\$afin
=042  \\$afinb
=080  \\$a929 Kokki$21974/fin/fennica
=100  1\$aKokki, Heta.$0(FIN11)000048031
=245  10$aTytön polku /$cHeta Kokki.
=260  \\$a[Rauma] :$b[H. Turunen],$c1988$e(Hämeenlinna :$fKaristo)
=300  \\$a270 s. ;$c21 cm
=336  \\$ateksti$btxt$2rdacontent
=337  \\$akäytettävissä ilman laitetta$bn$2rdamedia
=338  \\$anide$bnc$2rdacarrier
=600  14$aKokki, Heta.$0(FIN11)000048031
=650  \7$amuistelmat$2yso/fin$0http://www.yso.fi/onto/yso/p8111
=995  \\$aKansalliskirjasto

