=LDR  01144cam a2200349zi 4500
=001  f000047909
=005  20190703172204.0
=008  900120s1989^^^^fi^||||||||||||||||afin||
=015  \\$afx139328$2skl
=020  \\$a952-90116-6-0$qnidottu
=035  \\$a(FI-FENNI)139328
=035  \\$a(FI-MELINDA)000047909
=040  \\$aFI-NL
=041  0\$afin
=042  \\$afinb
=080  \\$a929 Finnilä$21974/fin/fennica
=080  \\$a929.5/.9$21974/fin/fennica
=084  \\$a99.32$2ykl
=100  1\$aFinnilä, Uljas.
=245  10$aYlipää :$bmuistitietoa ja tarinoita /$cUljas Finnilä.
=260  \\$a[Lappajärvi] :$bU. Finnilä,$c1989$e([Kauhava] :$fKauhavan sanomalehti)
=300  \\$a64 s. :$bkuvitettu ;$c30 cm
=336  \\$ateksti$btxt$2rdacontent
=337  \\$akäytettävissä ilman laitetta$bn$2rdamedia
=338  \\$anide$bnc$2rdacarrier
=600  34$aEskeli,$csuku.
=600  34$aFinnilä,$csuku.
=600  34$aTapola,$csuku.
=600  34$aVirsula,$csuku.
=650  \7$amuistelmat$2yso/fin$0http://www.yso.fi/onto/yso/p8111
=650  \7$asukututkimus$2yso/fin$0http://www.yso.fi/onto/yso/p18055
=995  \\$aKansalliskirjasto$bHist$5ARTO

