=LDR  00972cam a2200301zi 4500
=001  f000047910
=005  20190703172205.0
=008  891114s1989^^^^fi^||||||||||||||||afin||
=015  \\$afx139329$2skl
=020  \\$a952-90116-8-7$qnidottu
=035  \\$a(FI-FENNI)139329
=035  \\$a(FI-MELINDA)000047910
=040  \\$aFI-NL
=041  0\$afin
=042  \\$afinb
=080  \\$a28$21974/fin/fennica
=080  \\$a929 Friman$21974/fin/fennica
=084  \\$a99.12$2ykl
=100  1\$aFriman, Rainer$0(FIN11)000042468
=245  10$aSinulla saa olla ongelmia /$cRainer Friman.
=260  \\$a[Oulu] :$b[R. Friman],$c1989$e(Jyväskylä :$fGummerus)
=300  \\$a197 s. ;$c19 cm
=336  \\$ateksti$btxt$2rdacontent
=337  \\$akäytettävissä ilman laitetta$bn$2rdamedia
=338  \\$anide$bnc$2rdacarrier
=650  \7$ahelluntailiike$2yso/fin$0http://www.yso.fi/onto/yso/p8396
=650  \7$amuistelmat$2yso/fin$0http://www.yso.fi/onto/yso/p8111
=995  \\$aKansalliskirjasto

