=LDR  01358cam a2200373zi 4500
=001  f000047911
=005  20190703172205.0
=008  891114s1989^^^^fi^||||||b^^^|||||||fin||
=015  \\$afx139341$2skl
=020  \\$a952-90119-5-4$qnidottu
=035  \\$a(FI-FENNI)139341
=035  \\$a(FI-MELINDA)000047911
=040  \\$aFI-NL
=041  0\$afin
=042  \\$afinb
=080  \\$a01$21974/fin/fennica
=080  \\$a919$21974/fin/fennica
=084  \\$a01.54861$2ykl
=084  \\$a48.61$2ykl
=100  1\$aForss, Pertti.
=245  10$aJäävuoria näkyvissä :$bvaellusretki Grönlantiin /$cPertti Forss, Auvo Finne.
=260  \\$aHki :$bSuomen luonnonsuojeluliitto,$c1989$f(Yliopistopaino)
=300  \\$a[4], 99, [1] s. :$bkuvitettu, karttoja ;$c21 cm
=336  \\$ateksti$btxt$2rdacontent
=337  \\$akäytettävissä ilman laitetta$bn$2rdamedia
=338  \\$anide$bnc$2rdacarrier
=500  \\$aIlmoituksia.
=650  \7$aaluebibliografiat$2yso/fin$0http://www.yso.fi/onto/yso/p17969
=650  \7$aarktinen alue$2yso/fin$0http://www.yso.fi/onto/yso/p12434
=650  \7$amatkakertomukset$2yso/fin$0http://www.yso.fi/onto/yso/p5977
=651  \7$aGrönlanti$2yso/fin$0http://www.yso.fi/onto/yso/p105138
=700  1\$aFinne, Auvo$0(FIN11)000147095
=710  2\$aSuomen luonnonsuojeluliitto$1http://viaf.org/viaf/143226305
=995  \\$aKansalliskirjasto

