=LDR  01395cam a2200349zi 4500
=001  f000047921
=005  20190703172208.0
=008  900120s1989^^^^fi^||||||||||||||||afin||
=015  \\$afx139374$2skl
=020  \\$a952-90-1276-4$qnidottu
=035  \\$a(FI-FENNI)139374
=035  \\$a(FI-MELINDA)000047921
=040  \\$aFI-NL
=041  0\$afin
=042  \\$afinb
=080  \\$a616$21974/fin/fennica
=080  \\$a929 Hepomäki$x-Helminen$21974/fin/fennica
=084  \\$a59.57$2ykl
=100  1\$aHepomäki-Helminen, Helena.$0(FIN11)000043956
=245  10$aÄitin kulmukat ja Jumalan antama jatkoaika :$bomakohtainen kokemus syöpää sairastaville, heidän omaisilleen ja ystävilleen /$cHelena Hepomäki-Helminen.
=260  \\$a[Jyväskylä] :$b[H. Hepomäki-Helminen],$c1989$f(Kopi-jyvä)
=300  \\$a51 s. ;$c25 cm
=336  \\$ateksti$btxt$2rdacontent
=337  \\$akäytettävissä ilman laitetta$bn$2rdamedia
=338  \\$anide$bnc$2rdacarrier
=600  14$aHepomäki-Helminen, Helena.$0(FIN11)000043956
=650  \7$amuistelmat$2yso/fin$0http://www.yso.fi/onto/yso/p8111
=650  \7$arintasyöpä$2yso/fin$0http://www.yso.fi/onto/yso/p20019
=650  \7$asyöpätaudit$2yso/fin$0http://www.yso.fi/onto/yso/p678
=900  1\$aHelminen, Helena Hepomäki$yHepomäki-Helminen, Helena
=900  1s$aHELMINEN, HELENA HEPOMÄKI$uHEPOMÄKI-HELMINEN, HELENA
=995  \\$aKansalliskirjasto

