=LDR  01117cam a2200337zi 4500
=001  f000047922
=005  20190703172209.0
=008  891220s1989^^^^fi^||||||||||||||||afin||
=015  \\$afx139375$2skl
=020  \\$a952-90-1278-0$qnidottu
=035  \\$a(FI-FENNI)139375
=035  \\$a(FI-MELINDA)000047922
=040  \\$aFI-NL
=041  0\$afin
=042  \\$afinb
=080  \\$a355/359$21974/fin/fennica
=080  \\$a929 Poikolainen$21974/fin/fennica
=084  \\$a92.73$2ykl
=084  \\$a99.12$2ykl
=100  1\$aPoikolainen, Veikko.
=245  10$aYhdessä Utista Lappiin /$cVeikko Poikolainen.
=260  \\$a[Lahti] :$b[V. Poikolainen],$c1989$e(Juva :$fMarttinen)
=300  \\$a53 s. :$bkuvitettu ;$c25 cm
=336  \\$ateksti$btxt$2rdacontent
=337  \\$akäytettävissä ilman laitetta$bn$2rdamedia
=338  \\$anide$bnc$2rdacarrier
=600  14$aPoikolainen, Veikko.
=650  \7$ajatkosota$2yso/fin$0http://www.yso.fi/onto/yso/p5943
=650  \7$amuistelmat$2yso/fin$0http://www.yso.fi/onto/yso/p8111
=650  \7$asotahistoria$2yso/fin$0http://www.yso.fi/onto/yso/p13199
=995  \\$aKansalliskirjasto

