=LDR  00942cam a2200289zi 4500
=001  f000047933
=005  20190703172211.0
=008  891220s1989^^^^fi^||||||||||||||||afin||
=015  \\$afx139410$2skl
=020  \\$a952-90-1376-0$qsidottu
=035  \\$a(FI-FENNI)139410
=035  \\$a(FI-MELINDA)000047933
=040  \\$aFI-NL
=041  0\$afin
=042  \\$afinb
=080  \\$a929 Pukki$21974/fin/fennica
=084  \\$a99.12$2ykl
=100  1\$aPukki, Armas$0(FIN11)000055867
=245  10$aMerenkävijän muistelmia /$ckirj. Armas Pukki.
=260  \\$a[Salo] :$b[A. Pukki],$c1989$e(Jyväskylä :$fGummerus)
=300  \\$a186, [1] s., [16] kuvasivua :$bkuvitettu ;$c25 cm
=336  \\$ateksti$btxt$2rdacontent
=337  \\$akäytettävissä ilman laitetta$bn$2rdamedia
=338  \\$anide$bnc$2rdacarrier
=600  14$aPukki, Armas$0(FIN11)000055867
=650  \7$amuistelmat$2yso/fin$0http://www.yso.fi/onto/yso/p8111
=995  \\$aKansalliskirjasto

