=LDR  01056cam a2200301zi 4500
=001  f000047955
=005  20190703172220.0
=008  900328s1989^^^^fi^||||||||||||||||afin||
=015  \\$afx186342$2skl
=020  \\$a952-90-1616-6$qsidottu
=035  \\$a(FI-FENNI)186342
=035  \\$a(FI-MELINDA)000047955
=040  \\$aFI-NL
=041  0\$afin
=042  \\$afinb
=080  \\$a929 Kauppinen$21974/fin/fennica
=084  \\$a99.12$2ykl
=100  1\$aKauppinen, Jari-Veikko$0(FIN11)000067396
=245  10$aElämänkoulun ylioppilas /$cJari-Veikko Kauppinen.
=260  \\$a[Lahti] :$b[J.-V. Kauppinen],$c1989$e(Hämeenlinna :$fKaristo)
=300  \\$a180 s. :$bkuvitettu ;$c21 cm
=336  \\$ateksti$btxt$2rdacontent
=337  \\$akäytettävissä ilman laitetta$bn$2rdamedia
=338  \\$anide$bnc$2rdacarrier
=500  \\$aAlanimeke irtopäällyksessä: Jari Veikko Tapio Kauppisen nuoruuden tarina.
=600  14$aKauppinen, Jari,$d1960-2011.$0(FIN11)000101762
=650  \7$amuistelmat$2yso/fin$0http://www.yso.fi/onto/yso/p8111
=995  \\$aKansalliskirjasto

