=LDR  01403cam a2200373zi 4500
=001  f000048125
=005  20190703172240.0
=008  900529s1990^^^^fi^||||||||||||||||afin||
=015  \\$afx183094$2skl
=020  \\$a951-0-16320-1$qsidottu
=035  \\$a(FI-FENNI)183094
=035  \\$a(FI-MELINDA)000048125
=040  \\$aFI-NL
=041  1\$afin$hrus
=042  \\$afinb
=080  \\$a281.9$21974/fin/fennica
=080  \\$a929 Šmeljov$21974/fin/fennica
=084  \\$a28.2$2ykl
=084  \\$a99.1$2ykl
=100  1\$aŠmelëv, Ivan Sergeevic$d(1873-1950)$0(FIN11)000069766$1http://viaf.org/viaf/91565066
=240  10$aStaryj Valaam
=245  10$aVanhassa Valamossa /$cIvan Šmeljov ; suomentanut Marja-Leena Jaakkola.
=260  \\$aHelsinki ;$aPorvoo ;$aJuva :$bWSOY,$c1990$e(Juva)
=300  \\$a147, [1] s. ;$c22 cm
=336  \\$ateksti$btxt$2rdacontent
=337  \\$akäytettävissä ilman laitetta$bn$2rdamedia
=338  \\$anide$bnc$2rdacarrier
=500  \\$aVen. alkuteos: Staryi Valaam.
=600  14$aŠmelëv, Ivan Sergeevic$d(1873-1950)$0(FIN11)000069766$1http://viaf.org/viaf/91565066
=650  \7$aValamon luostari (Valamo)$2yso/fin$0http://www.yso.fi/onto/yso/p15928
=650  \7$aluostarit$2yso/fin$0http://www.yso.fi/onto/yso/p816
=650  \7$amuistelmat$2yso/fin$0http://www.yso.fi/onto/yso/p8111
=700  1\$aJaakkola, Marja-Leena$0(FIN11)000045472
=995  \\$aKansalliskirjasto

