=LDR  01123cam a2200325zi 4500
=001  f000048129
=005  20190703172242.0
=008  900511s1990^^^^fi^|||||||||||||||||fin||
=015  \\$afx182327$2skl
=020  \\$a951-0-16358-9$qsidottu
=035  \\$a(FI-FENNI)182327
=035  \\$a(FI-MELINDA)000048129
=040  \\$aFI-NL
=041  1\$afin$heng
=042  \\$afinb
=080  \\$a308$21974/fin/fennica
=080  \\$a915$21974/fin/fennica
=084  \\$a48.183$2ykl
=100  1\$aSalzman, Mark.
=240  10$aIron and silk
=245  10$aRautaa ja silkkiä :$bnuoren amerikkalaisen opettajan kokemukset Kiinassa /$cMark Salzman ; suomentanut Risto Mäenpää.
=260  \\$aPorvoo ;$aHelsinki ;$aJuva :$bWSOY,$c1990$e(Juva)
=300  \\$a226 s. ;$c21 cm
=336  \\$ateksti$btxt$2rdacontent
=337  \\$akäytettävissä ilman laitetta$bn$2rdamedia
=338  \\$anide$bnc$2rdacarrier
=650  \7$amatkakertomukset$2yso/fin$0http://www.yso.fi/onto/yso/p5977
=651  \7$aKiina$2yso/fin$0http://www.yso.fi/onto/yso/p104984
=700  1\$aMäenpää, Risto,$ekääntäjä.$0(FIN11)000052827
=995  \\$aKansalliskirjasto

