=LDR  01485cam a2200373zi 4500
=001  f000048132
=005  20190703172242.0
=008  901023s1990^^^^fi^||||||||||||||||afin||
=015  \\$afx193145$2skl
=020  \\$a951-0-16440-2$qsidottu
=035  \\$a(FI-FENNI)193145
=035  \\$a(FI-MELINDA)000048132
=040  \\$aFI-NL
=041  0\$afin
=042  \\$afinb
=080  \\$a809.45$21974/fin/fennica
=080  \\$a908 Karjala$21974/fin/fennica
=080  \\$a929 Turunen$21974/fin/fennica
=084  \\$a99.12$2ykl
=100  1\$aTurunen, Aimo$d(1912-2000)$0(FIN11)000061502$1http://viaf.org/viaf/44288184
=245  10$aNuoruus rauhan ja sodan Karjalassa /$cAimo Turunen.
=260  \\$aPorvoo ;$aHelsinki ;$aJuva :$bWSOY,$c1990$e(Juva)
=300  \\$a279, [1] s., [16] kuvasivua :$bkuvitettu ;$c21 cm
=336  \\$ateksti$btxt$2rdacontent
=337  \\$akäytettävissä ilman laitetta$bn$2rdamedia
=338  \\$anide$bnc$2rdacarrier
=600  14$aTurunen, Aimo$d(1912-2000)$0(FIN11)000061502$1http://viaf.org/viaf/44288184
=650  \7$ajatkosota$2yso/fin$0http://www.yso.fi/onto/yso/p5943
=650  \7$akielitiede$2yso/fin$0http://www.yso.fi/onto/yso/p1631
=650  \7$amuistelmat$2yso/fin$0http://www.yso.fi/onto/yso/p8111
=650  \7$atiedemiehet$2yso/fin$0http://www.yso.fi/onto/yso/p11256
=651  \7$aItä-Karjala$2yso/fin$0http://www.yso.fi/onto/yso/p105073
=651  \7$aKarjala$2yso/fin$0http://www.yso.fi/onto/yso/p94192
=995  \\$aKansalliskirjasto$bHist$5ARTO

