=LDR  01143cam a2200313zi 4500
=001  f000048135
=005  20190703172246.0
=008  901024s1990^^^^fi^||||||||||||||||afin||
=015  \\$afx193355$2skl
=020  \\$a951-0-16484-4$qsidottu
=035  \\$a(FI-FENNI)193355
=035  \\$a(FI-MELINDA)000048135
=040  \\$aFI-NL
=041  0\$afin
=042  \\$afinb
=080  \\$a26$21974/fin/fennica
=080  \\$a929 Nikolainen$21974/fin/fennica
=084  \\$a99.12$2ykl
=100  1\$aNikolainen, Aimo T$d(1912-1995)$0(FIN11)000053509$1http://viaf.org/viaf/74577553
=245  10$aVälähdyksiä /$cAimo T. Nikolainen.
=260  \\$aPorvoo ;$aHelsinki ;$aJuva :$bWSOY,$c1990$e(Juva)
=300  \\$a314 s., [16] kuvasivua :$bkuvitettu ;$c23 cm
=336  \\$ateksti$btxt$2rdacontent
=337  \\$akäytettävissä ilman laitetta$bn$2rdamedia
=338  \\$anide$bnc$2rdacarrier
=600  14$aNikolainen, Aimo T$d(1912-1995)$0(FIN11)000053509$1http://viaf.org/viaf/74577553
=650  \7$amuistelmat$2yso/fin$0http://www.yso.fi/onto/yso/p8111
=650  \7$apiispat$2yso/fin$0http://www.yso.fi/onto/yso/p5769
=995  \\$aKansalliskirjasto$bHist$5ARTO

