=LDR  01303cam a2200337zi 4500
=001  f000048147
=005  20190703172253.0
=008  901123s1990^^^^fi^|||||||||||||||||fin||
=015  \\$afx195886$2skl
=020  \\$a951-1-10077-7$qsidottu
=024  3\$a9789511100775
=035  \\$a(FI-FENNI)195886
=035  \\$a(FI-MELINDA)000048147
=040  \\$aFI-NL
=041  0\$afin
=042  \\$afinb
=080  \\$a914.80$21974/fin/fennica
=080  \\$a948.0$21974/fin/fennica
=084  \\$a42$2ykl
=245  00$aMatkoja vanhassa Suomessa :$bmatkakuvauksia Elias Lönnrotista Urho Kekkoseen /$ctoimittanut Erno Paasilinna ; [kuvatoimitus Juhani Kohonen].
=260  \\$aHelsingissä :$bOtava,$c1990$e(Keuruu)
=300  \\$a464 s. :$bkuvitettu, karttoja ;$c25 cm
=336  \\$ateksti$btxt$2rdacontent
=337  \\$akäytettävissä ilman laitetta$bn$2rdamedia
=338  \\$anide$bnc$2rdacarrier
=650  \7$ahistoria$2yso/fin$0http://www.yso.fi/onto/yso/p1780
=650  \7$akotimaanmatkailu$2yso/fin$0http://www.yso.fi/onto/yso/p18422
=650  \7$amatkakertomukset$2yso/fin$0http://www.yso.fi/onto/yso/p5977
=651  \7$aSuomi$2yso/fin$0http://www.yso.fi/onto/yso/p94426
=700  1\$aPaasilinna, Erno$d(1935-2000)$0(FIN11)000054448$1http://viaf.org/viaf/29555391
=995  \\$aKansalliskirjasto$bHist$5ARTO

