=LDR  01486cam a2200385zi 4500
=001  f000048162
=005  20190703172303.0
=008  900913s1990^^^^fi^||||||||||||||||afin||
=015  \\$afx190629$2skl
=020  \\$a951-20-3516-2$qsidottu
=035  \\$a(FI-FENNI)190629
=035  \\$a(FI-MELINDA)000048162
=040  \\$aFI-NL
=041  1\$afin$heng
=042  \\$afinb
=080  \\$a641/642$21974/fin/fennica
=080  \\$a929 Wechsberg$21974/fin/fennica
=084  \\$a68.2$2ykl
=100  1\$aWechsberg, Joseph.
=240  10$aBlue trout and black truffles
=245  10$aHerkkusuun kasvatus :$bsinistä forellia ja mustia tryffeleitä /$cJoseph Wechsberg ; suomentanut Kyllikki Villa.
=260  \\$aJyväskylä ;$aHelsinki :$bGummerus,$c1990$e(Jyväskylä)
=300  \\$a272 s. :$bkuvitettu ;$c21 cm
=336  \\$ateksti$btxt$2rdacontent
=337  \\$akäytettävissä ilman laitetta$bn$2rdamedia
=338  \\$anide$bnc$2rdacarrier
=600  14$aWechsberg, Joseph.
=650  \7$agastronomia$2yso/fin$0http://www.yso.fi/onto/yso/p2845
=650  \7$amuistelmat$2yso/fin$0http://www.yso.fi/onto/yso/p8111
=650  \7$aravintolat$2yso/fin$0http://www.yso.fi/onto/yso/p1634
=650  \7$aruokakulttuuri$2yso/fin$0http://www.yso.fi/onto/yso/p5529
=700  1\$aVilla, Kyllikki$d(1923-2010)$0(FIN11)000067940$1http://viaf.org/viaf/72403800
=710  2\$aGummerus$1http://viaf.org/viaf/208790186
=740  0\$aSinistä forellia ja mustia tryffeleitä.
=995  \\$aKansalliskirjasto
